|badge|p1|bronze|gen9ou|100-9
|uhtml|medal-msg|<div class="broadcast-blue">Curious what those medals under the avatar are? PS now has Ladder Seasons! For more information, check out the <a href="https://www.smogon.com/forums/threads/3740067/">thread on Smogon.</a></div>
|j|☆sommeliersam
|j|☆nugget1221
|t:|1776914711
|gametype|doubles
|player|p1|sommeliersam|265|1619
|player|p2|nugget1221|265|1660
|gen|9
|tier|[Gen 9 Champions] VGC 2026 Reg M-A
|rated|
|rule|Species Clause: Limit one of each Pokémon
|rule|Item Clause: Limit 1 of each item
|clearpoke
|poke|p1|Floette-Eternal, L50, F|
|poke|p1|Garchomp, L50, M|
|poke|p1|Kingambit, L50, M|
|poke|p1|Basculegion, L50, M|
|poke|p1|Sneasler, L50, F|
|poke|p1|Froslass, L50, F|
|poke|p2|Garchomp, L50, M|
|poke|p2|Tyranitar, L50, F|
|poke|p2|Venusaur, L50, F|
|poke|p2|Aerodactyl, L50, F|
|poke|p2|Rotom-Wash, L50|
|poke|p2|Aegislash, L50, F|
|teampreview|4
|inactive|Battle timer is ON: inactive players will automatically lose when time's up. (requested by nugget1221)
|inactive|sommeliersam has 60 seconds left.
|inactive|nugget1221 has 60 seconds left.
|
|t:|1776914765
|teamsize|p1|4
|teamsize|p2|4
|start
|switch|p1a: Floette|Floette-Eternal, L50, F|100/100
|switch|p1b: Sneasler|Sneasler, L50, F|100/100
|switch|p2a: Garchomp|Garchomp, L50, M|100/100
|switch|p2b: Aerodactyl|Aerodactyl, L50, F|100/100
|-ability|p2b: Aerodactyl|Unnerve
|turn|1
|inactive|sommeliersam has 30 seconds left.
|inactive|nugget1221 has 30 seconds left.
|
|t:|1776914794
|detailschange|p1a: Floette|Floette-Mega, L50, F
|-mega|p1a: Floette|Floette|Floettite
|-ability|p1a: Floette|Fairy Aura
|move|p1b: Sneasler|Fake Out|p2b: Aerodactyl
|-resisted|p2b: Aerodactyl|1
|-crit|p2b: Aerodactyl
|-damage|p2b: Aerodactyl|83/100
|-status|p2b: Aerodactyl|psn|[from] ability: Poison Touch|[of] p1b: Sneasler
|move|p2a: Garchomp|Earthquake|p1b: Sneasler|[spread] p1a,p1b
|-immune|p2b: Aerodactyl
|-supereffective|p1b: Sneasler|1
|-damage|p1a: Floette|49/100
|-enditem|p1b: Sneasler|Focus Sash
|-damage|p1b: Sneasler|1/100
|cant|p2b: Aerodactyl|flinch
|move|p1a: Floette|Moonblast|p2a: Garchomp
|-supereffective|p2a: Garchomp|1
|-damage|p2a: Garchomp|0 fnt
|faint|p2a: Garchomp
|
|-damage|p2b: Aerodactyl|71/100 psn|[from] psn
|upkeep
|j| TheTimeGoingBy
|
|t:|1776914814
|switch|p2a: Venusaur|Venusaur, L50, F|100/100
|turn|2
|
|t:|1776914835
|switch|p1a: Garchomp|Garchomp, L50, M|100/100
|detailschange|p2a: Venusaur|Venusaur-Mega, L50, F
|-mega|p2a: Venusaur|Venusaur|Venusaurite
|move|p2b: Aerodactyl|Rock Slide|p1b: Sneasler|[spread] p1a,p1b
|-resisted|p1a: Garchomp|1
|-resisted|p1b: Sneasler|1
|-damage|p1a: Garchomp|89/100
|-damage|p1b: Sneasler|0 fnt
|faint|p1b: Sneasler
|move|p2a: Venusaur|Sludge Bomb|p1a: Garchomp
|-resisted|p1a: Garchomp|1
|-damage|p1a: Garchomp|69/100
|
|-damage|p2b: Aerodactyl|58/100 psn|[from] psn
|upkeep
|j| humungulous
|
|t:|1776914847
|switch|p1b: Kingambit|Kingambit, L50, M|100/100
|turn|3
|
|t:|1776914856
|move|p2b: Aerodactyl|Tailwind|p2b: Aerodactyl
|-sidestart|p2: nugget1221|move: Tailwind
|move|p2a: Venusaur|Giga Drain|p1a: Garchomp
|-damage|p1a: Garchomp|37/100
|move|p1a: Garchomp|Rock Slide|p2b: Aerodactyl|[spread] p2a,p2b
|-supereffective|p2b: Aerodactyl|1
|-damage|p2a: Venusaur|88/100
|-damage|p2b: Aerodactyl|1/100 psn
|move|p1b: Kingambit|Kowtow Cleave|p2a: Venusaur
|-damage|p2a: Venusaur|49/100
|
|-damage|p2b: Aerodactyl|0 fnt|[from] psn
|faint|p2b: Aerodactyl
|upkeep
|
|t:|1776914863
|switch|p2b: Tyranitar|Tyranitar, L50, F|100/100
|-weather|Sandstorm|[from] ability: Sand Stream|[of] p2b: Tyranitar
|turn|4
|
|t:|1776914880
|move|p1a: Garchomp|Protect|p1a: Garchomp
|-singleturn|p1a: Garchomp|Protect
|move|p1b: Kingambit|Protect|p1b: Kingambit
|-singleturn|p1b: Kingambit|Protect
|move|p2a: Venusaur|Giga Drain|p1a: Garchomp
|-activate|p1a: Garchomp|move: Protect
|move|p2b: Tyranitar|Low Kick|p1b: Kingambit
|-activate|p1b: Kingambit|move: Protect
|
|-weather|Sandstorm|[upkeep]
|-damage|p2a: Venusaur|43/100|[from] Sandstorm
|upkeep
|turn|5
|
|t:|1776914901
|move|p2a: Venusaur|Giga Drain|p1a: Garchomp
|-damage|p1a: Garchomp|3/100
|-heal|p2a: Venusaur|63/100|[from] drain|[of] p1a: Garchomp
|move|p2b: Tyranitar|Low Kick|p1b: Kingambit
|-supereffective|p1b: Kingambit|2
|-enditem|p1b: Kingambit|Chople Berry|[eat]
|-enditem|p1b: Kingambit|Chople Berry|[weaken]
|-damage|p1b: Kingambit|45/100
|move|p1a: Garchomp|Dragon Claw|p2a: Venusaur
|-damage|p2a: Venusaur|35/100
|move|p1b: Kingambit|Low Kick|p2b: Tyranitar
|-supereffective|p2b: Tyranitar|2
|-enditem|p2b: Tyranitar|Chople Berry|[eat]
|-enditem|p2b: Tyranitar|Chople Berry|[weaken]
|-damage|p2b: Tyranitar|22/100
|
|-weather|Sandstorm|[upkeep]
|-damage|p2a: Venusaur|29/100|[from] Sandstorm
|upkeep
|turn|6
|j| 56hh4
|inactive|nugget1221 has 30 seconds left.
|
|t:|1776914928
|move|p1a: Garchomp|Protect|p1a: Garchomp
|-singleturn|p1a: Garchomp|Protect
|move|p1b: Kingambit|Protect|p1b: Kingambit
|-singleturn|p1b: Kingambit|Protect
|move|p2a: Venusaur|Earth Power|p1b: Kingambit
|-activate|p1b: Kingambit|move: Protect
|move|p2b: Tyranitar|Crunch|p1a: Garchomp
|-activate|p1a: Garchomp|move: Protect
|
|-weather|Sandstorm|[upkeep]
|-damage|p2a: Venusaur|23/100|[from] Sandstorm
|-sideend|p2: nugget1221|move: Tailwind
|upkeep
|turn|7
|
|t:|1776914946
|move|p2a: Venusaur|Protect|p2a: Venusaur
|-singleturn|p2a: Venusaur|Protect
|move|p1b: Kingambit|Sucker Punch||[still]
|-fail|p1b: Kingambit
|move|p1a: Garchomp|Earthquake|p2b: Tyranitar|[spread] p1b,p2b
|-activate|p2a: Venusaur|move: Protect
|-supereffective|p1b: Kingambit|1
|-supereffective|p2b: Tyranitar|1
|-damage|p1b: Kingambit|0 fnt
|-damage|p2b: Tyranitar|0 fnt
|faint|p1b: Kingambit
|faint|p2b: Tyranitar
|
|-weather|Sandstorm|[upkeep]
|-damage|p2a: Venusaur|18/100|[from] Sandstorm
|upkeep
|
|t:|1776914954
|switch|p1b: Floette|Floette-Mega, L50, F|49/100
|-ability|p1b: Floette|Fairy Aura
|turn|8
|
|t:|1776914961
|move|p1b: Floette|Moonblast|p2a: Venusaur
|-resisted|p2a: Venusaur|1
|-damage|p2a: Venusaur|0 fnt
|faint|p2a: Venusaur
|
|win|sommeliersam
|raw|sommeliersam's rating: 1619 &rarr; <strong>1641</strong><br />(+22 for winning)
|raw|nugget1221's rating: 1660 &rarr; <strong>1638</strong><br />(-22 for losing)
|l|☆nugget1221
|player|p2|
|l|☆sommeliersam
|player|p1|
|l| 56hh4
|j|☆sommeliersam
|player|p1|sommeliersam|265|
|l|☆sommeliersam
|player|p1|
