|j|☆ok132
|j|☆xTHExKelevra
|t:|1776969296
|gametype|doubles
|player|p1|ok132|ninjaboy|1836
|player|p2|xTHExKelevra|2|1652
|gen|9
|tier|[Gen 9 Champions] VGC 2026 Reg M-A
|rated|
|rule|Species Clause: Limit one of each Pokémon
|rule|Item Clause: Limit 1 of each item
|clearpoke
|poke|p1|Ceruledge, L50, M|
|poke|p1|Lopunny, L50, M|
|poke|p1|Farigiraf, L50, M|
|poke|p1|Rotom-Wash, L50|
|poke|p1|Kommo-o, L50, M|
|poke|p1|Empoleon, L50, M|
|poke|p2|Gardevoir, L50, M, shiny|
|poke|p2|Maushold-Four, L50, shiny|
|poke|p2|Basculegion, L50, M, shiny|
|poke|p2|Talonflame, L50, F, shiny|
|poke|p2|Kingambit, L50, M, shiny|
|poke|p2|Garchomp, L50, F, shiny|
|teampreview|4
|inactive|Battle timer is ON: inactive players will automatically lose when time's up. (requested by xTHExKelevra)
|
|t:|1776969330
|teamsize|p1|4
|teamsize|p2|4
|start
|switch|p1a: Ceruledge|Ceruledge, L50, M|100/100
|switch|p1b: Lopunny|Lopunny, L50, M|100/100
|switch|p2a: Gardevoir|Gardevoir, L50, M, shiny|100/100
|switch|p2b: Kingambit|Kingambit, L50, M, shiny|100/100
|turn|1
|j| TomTom_JerryJerry
|inactive|ok132 has 30 seconds left.
|inactive|xTHExKelevra has 30 seconds left.
|
|t:|1776969359
|switch|p2b: Basculegion|Basculegion, L50, M, shiny|100/100
|detailschange|p1b: Lopunny|Lopunny-Mega, L50, M
|-mega|p1b: Lopunny|Lopunny|Lopunnite
|detailschange|p2a: Gardevoir|Gardevoir-Mega, L50, M, shiny
|-mega|p2a: Gardevoir|Gardevoir|Gardevoirite
|move|p1b: Lopunny|Close Combat|p2b: Basculegion
|-damage|p2b: Basculegion|33/100
|-unboost|p1b: Lopunny|def|1
|-unboost|p1b: Lopunny|spd|1
|-enditem|p2b: Basculegion|Sitrus Berry|[eat]
|-heal|p2b: Basculegion|58/100|[from] item: Sitrus Berry
|move|p1a: Ceruledge|Swords Dance|p1a: Ceruledge
|-boost|p1a: Ceruledge|atk|2
|move|p2a: Gardevoir|Trick Room|p2a: Gardevoir
|-fieldstart|move: Trick Room|[of] p2a: Gardevoir
|
|upkeep
|turn|2
|j| spreckz
|j| giftedyew
|inactive|ok132 has 30 seconds left.
|inactive|xTHExKelevra has 30 seconds left.
|
|t:|1776969391
|move|p1a: Ceruledge|Shadow Sneak|p2a: Gardevoir
|-supereffective|p2a: Gardevoir|1
|-damage|p2a: Gardevoir|0 fnt
|faint|p2a: Gardevoir
|move|p2b: Basculegion|Last Respects|p1a: Ceruledge
|-supereffective|p1a: Ceruledge|1
|-enditem|p1a: Ceruledge|Focus Sash
|-damage|p1a: Ceruledge|1/100
|-ability|p1a: Ceruledge|Weak Armor|boost
|-unboost|p1a: Ceruledge|def|1
|-boost|p1a: Ceruledge|spe|2
|move|p1b: Lopunny|Close Combat|p2b: Basculegion
|-damage|p2b: Basculegion|0 fnt
|-unboost|p1b: Lopunny|def|1
|-unboost|p1b: Lopunny|spd|1
|faint|p2b: Basculegion
|
|upkeep
|
|t:|1776969407
|switch|p2b: Garchomp|Garchomp, L50, F, shiny|100/100
|switch|p2a: Kingambit|Kingambit, L50, M, shiny|100/100
|turn|3
|
|t:|1776969432
|switch|p1b: Rotom|Rotom-Wash, L50|100/100
|move|p2a: Kingambit|Protect|p2a: Kingambit
|-singleturn|p2a: Kingambit|Protect
|move|p1a: Ceruledge|Shadow Sneak|p2b: Garchomp
|-damage|p2b: Garchomp|61/100
|-damage|p1a: Ceruledge|0 fnt|[from] ability: Rough Skin|[of] p2b: Garchomp
|faint|p1a: Ceruledge
|move|p2b: Garchomp|Earthquake|p1b: Rotom|[spread] 
|-activate|p2a: Kingambit|move: Protect
|-immune|p1b: Rotom|[from] ability: Levitate
|
|upkeep
|
|t:|1776969444
|switch|p1a: Lopunny|Lopunny-Mega, L50, M|100/100
|turn|4
|inactive|ok132 has 30 seconds left.
|inactive|ok132 has 20 seconds left.
|
|t:|1776969480
|move|p1a: Lopunny|Mach Punch|p2a: Kingambit
|-supereffective|p2a: Kingambit|2
|-enditem|p2a: Kingambit|Chople Berry|[eat]
|-enditem|p2a: Kingambit|Chople Berry|[weaken]
|-damage|p2a: Kingambit|67/100
|move|p2a: Kingambit|Iron Head|p1a: Lopunny
|-damage|p1a: Lopunny|43/100
|move|p2b: Garchomp|Dragon Claw|p1b: Rotom
|-damage|p1b: Rotom|52/100
|move|p1b: Rotom|Volt Switch|p2a: Kingambit
|-damage|p2a: Kingambit|41/100
|
|t:|1776969488
|switch|p1b: Kommo-o|Kommo-o, L50, M|100/100|[from] Volt Switch
|
|upkeep
|turn|5
|
|t:|1776969502
|switch|p1a: Rotom|Rotom-Wash, L50|52/100
|move|p2a: Kingambit|Protect|p2a: Kingambit
|-singleturn|p2a: Kingambit|Protect
|move|p1b: Kommo-o|Protect|p1b: Kommo-o
|-singleturn|p1b: Kommo-o|Protect
|move|p2b: Garchomp|Dragon Claw|p1b: Kommo-o
|-activate|p1b: Kommo-o|move: Protect
|
|-fieldend|move: Trick Room
|upkeep
|turn|6
|
|t:|1776969526
|move|p2a: Kingambit|Sucker Punch|p1a: Rotom
|-damage|p1a: Rotom|9/100
|move|p1a: Rotom|Hydro Pump|p2b: Garchomp
|-damage|p2b: Garchomp|18/100
|move|p2b: Garchomp|Dragon Claw|p1b: Kommo-o
|-supereffective|p1b: Kommo-o|1
|-damage|p1b: Kommo-o|6/100
|move|p1b: Kommo-o|Clanging Scales|p2b: Garchomp|[spread] p2a,p2b
|-resisted|p2a: Kingambit|1
|-supereffective|p2b: Garchomp|1
|-damage|p2a: Kingambit|16/100
|-damage|p2b: Garchomp|0 fnt
|faint|p2b: Garchomp
|-unboost|p1b: Kommo-o|def|1
|
|upkeep
|turn|7
|j| knochum
|-message|xTHExKelevra forfeited.
|
|win|ok132
|raw|ok132's rating: 1836 &rarr; <strong>1846</strong><br />(+10 for winning)
|raw|xTHExKelevra's rating: 1652 &rarr; <strong>1642</strong><br />(-10 for losing)
|l|☆xTHExKelevra
|player|p2|
|l|☆ok132
|player|p1|
|l| TomTom_JerryJerry
|j|☆ok132
|player|p1|ok132|ninjaboy|
|l|☆ok132
|player|p1|
