|j|☆Wobcob
|j|☆lisaimai1
|t:|1778455386
|gametype|doubles
|player|p1|Wobcob|cowgirl|1768
|player|p2|lisaimai1|iono-masters|1740
|gen|9
|tier|[Gen 9 Champions] VGC 2026 Reg M-A
|rated|
|rule|Species Clause: Limit one of each Pokémon
|rule|Item Clause: Limit 1 of each item
|clearpoke
|poke|p1|Glimmora, L50, F, shiny|
|poke|p1|Weavile, L50, F|
|poke|p1|Rotom-Wash, L50, shiny|
|poke|p1|Ninetales-Alola, L50, F, shiny|
|poke|p1|Talonflame, L50, F|
|poke|p1|Aegislash, L50, F, shiny|
|poke|p2|Talonflame, L50, F|
|poke|p2|Garchomp, L50, F|
|poke|p2|Meganium, L50, F, shiny|
|poke|p2|Sneasler, L50, F|
|poke|p2|Palafin, L50, M|
|poke|p2|Incineroar, L50, M|
|teampreview|4
|inactive|Battle timer is ON: inactive players will automatically lose when time's up. (requested by lisaimai1)
|inactive|Wobcob has 60 seconds left.
|inactive|lisaimai1 has 60 seconds left.
|
|t:|1778455426
|teamsize|p1|4
|teamsize|p2|4
|start
|switch|p1a: Rotom|Rotom-Wash, L50, shiny|100/100
|switch|p1b: Talonflame|Talonflame, L50, F|100/100
|switch|p2a: Palafin|Palafin, L50, M|100/100
|switch|p2b: Garchomp|Garchomp, L50, F|100/100
|turn|1
|j| Kylen33
|
|t:|1778455434
|switch|p1b: Glimmora|Glimmora, L50, F, shiny|100/100
|detailschange|p2a: Palafin|Palafin-Hero, L50, M
|switch|p2a: Incineroar|Incineroar, L50, M|100/100
|-ability|p2a: Incineroar|Intimidate|boost
|-unboost|p1a: Rotom|atk|1
|-unboost|p1b: Glimmora|atk|1
|move|p2b: Garchomp|Protect|p2b: Garchomp
|-singleturn|p2b: Garchomp|Protect
|move|p1a: Rotom|Volt Switch|p2a: Incineroar
|-damage|p2a: Incineroar|78/100
|
|t:|1778455444
|switch|p1a: Ninetales|Ninetales-Alola, L50, F, shiny|100/100|[from] Volt Switch
|-weather|Snowscape|[from] ability: Snow Warning|[of] p1a: Ninetales
|
|-weather|Snowscape|[upkeep]
|upkeep
|turn|2
|
|t:|1778455456
|switch|p2b: Palafin|Palafin-Hero, L50, M|100/100
|-activate|p2b: Palafin|ability: Zero to Hero
|move|p1a: Ninetales|Protect|p1a: Ninetales
|-singleturn|p1a: Ninetales|Protect
|move|p1b: Glimmora|Spiky Shield|p1b: Glimmora
|-singleturn|p1b: Glimmora|move: Protect
|move|p2a: Incineroar|Fake Out|p1a: Ninetales
|-activate|p1a: Ninetales|move: Protect
|
|-weather|Snowscape|[upkeep]
|upkeep
|turn|3
|
|t:|1778455475
|switch|p2a: Sneasler|Sneasler, L50, F|100/100
|detailschange|p1b: Glimmora|Glimmora-Mega, L50, F, shiny
|-mega|p1b: Glimmora|Glimmora|Glimmoranite
|move|p1a: Ninetales|Freeze-Dry|p2b: Palafin
|-supereffective|p2b: Palafin|1
|-damage|p2b: Palafin|23/100
|move|p2b: Palafin|Wave Crash|p1b: Glimmora
|-supereffective|p1b: Glimmora|1
|-damage|p1b: Glimmora|0 fnt
|faint|p1b: Glimmora
|-damage|p2b: Palafin|0 fnt|[from] Recoil
|faint|p2b: Palafin
|
|-weather|Snowscape|[upkeep]
|upkeep
|
|t:|1778455487
|switch|p2b: Incineroar|Incineroar, L50, M|78/100
|switch|p1b: Talonflame|Talonflame, L50, F|100/100
|-ability|p2b: Incineroar|Intimidate|boost
|-unboost|p1a: Ninetales|atk|1
|-unboost|p1b: Talonflame|atk|1
|turn|4
|
|t:|1778455498
|switch|p1a: Rotom|Rotom-Wash, L50, shiny|100/100
|move|p1b: Talonflame|Protect|p1b: Talonflame
|-singleturn|p1b: Talonflame|Protect
|move|p2b: Incineroar|Fake Out|p1a: Rotom
|-damage|p1a: Rotom|91/100
|move|p2a: Sneasler|Dire Claw|p1a: Rotom
|-damage|p1a: Rotom|52/100
|
|-weather|Snowscape|[upkeep]
|upkeep
|turn|5
|
|t:|1778455510
|move|p1b: Talonflame|Acrobatics|p2a: Sneasler
|-supereffective|p2a: Sneasler|1
|-enditem|p2a: Sneasler|Focus Sash
|-damage|p2a: Sneasler|1/100
|move|p2a: Sneasler|Close Combat|p1a: Rotom
|-damage|p1a: Rotom|0 fnt
|-unboost|p2a: Sneasler|def|1
|-unboost|p2a: Sneasler|spd|1
|faint|p1a: Rotom
|move|p2b: Incineroar|Throat Chop|p1b: Talonflame
|-damage|p1b: Talonflame|49/100
|-start|p1b: Talonflame|Throat Chop|[silent]
|
|-weather|none
|upkeep
|
|t:|1778455517
|switch|p1a: Ninetales|Ninetales-Alola, L50, F, shiny|100/100
|-weather|Snowscape|[from] ability: Snow Warning|[of] p1a: Ninetales
|turn|6
|
|t:|1778455527
|switch|p2b: Garchomp|Garchomp, L50, F|100/100
|move|p2a: Sneasler|Protect|p2a: Sneasler
|-singleturn|p2a: Sneasler|Protect
|move|p1b: Talonflame|Protect|p1b: Talonflame
|-singleturn|p1b: Talonflame|Protect
|move|p1a: Ninetales|Blizzard|p2a: Sneasler|[spread] p2b
|-activate|p2a: Sneasler|move: Protect
|-supereffective|p2b: Garchomp|2
|-damage|p2b: Garchomp|0 fnt
|faint|p2b: Garchomp
|
|-weather|Snowscape|[upkeep]
|-end|p1b: Talonflame|Throat Chop|[silent]
|upkeep
|
|t:|1778455535
|switch|p2b: Incineroar|Incineroar, L50, M|78/100
|-ability|p2b: Incineroar|Intimidate|boost
|-unboost|p1a: Ninetales|atk|1
|-unboost|p1b: Talonflame|atk|1
|turn|7
|
|t:|1778455541
|move|p1b: Talonflame|Protect||[still]
|-fail|p1b: Talonflame
|move|p1a: Ninetales|Protect|p1a: Ninetales
|-singleturn|p1a: Ninetales|Protect
|move|p2b: Incineroar|Fake Out|p1a: Ninetales
|-activate|p1a: Ninetales|move: Protect
|move|p2a: Sneasler|Dire Claw|p1b: Talonflame
|-damage|p1b: Talonflame|0 fnt
|faint|p1b: Talonflame
|
|-weather|Snowscape|[upkeep]
|upkeep
|turn|8
|
|t:|1778455548
|move|p2a: Sneasler|Dire Claw|p1a: Ninetales
|-supereffective|p1a: Ninetales|1
|-crit|p1a: Ninetales
|-damage|p1a: Ninetales|0 fnt
|faint|p1a: Ninetales
|
|win|lisaimai1
|raw|Wobcob's rating: 1768 &rarr; <strong>1746</strong><br />(-22 for losing)
|raw|lisaimai1's rating: 1740 &rarr; <strong>1762</strong><br />(+22 for winning)
