|j|☆kodon98
|j|☆PikaTROD
|t:|1776919182
|gametype|doubles
|player|p1|kodon98|101|1635
|player|p2|PikaTROD|169|1666
|gen|9
|tier|[Gen 9 Champions] VGC 2026 Reg M-A
|rated|
|rule|Species Clause: Limit one of each Pokémon
|rule|Item Clause: Limit 1 of each item
|clearpoke
|poke|p1|Gengar, L50, M|
|poke|p1|Dragonite, L50, M|
|poke|p1|Pelipper, L50, F|
|poke|p1|Scovillain, L50, M|
|poke|p1|Archaludon, L50, F|
|poke|p1|Basculegion, L50, M|
|poke|p2|Primarina, L50, M|
|poke|p2|Sinistcha, L50|
|poke|p2|Incineroar, L50, M|
|poke|p2|Oranguru, L50, F|
|poke|p2|Crabominable, L50, F|
|poke|p2|Kingambit, L50, M|
|teampreview|4
|j| 6'4iNHouston
|inactive|Battle timer is ON: inactive players will automatically lose when time's up. (requested by kodon98)
|
|t:|1776919212
|teamsize|p1|4
|teamsize|p2|4
|start
|switch|p1a: Scovillain|Scovillain, L50, M|100/100
|switch|p1b: Pelipper|Pelipper, L50, F|100/100
|switch|p2a: Oranguru|Oranguru, L50, F|100/100
|switch|p2b: Incineroar|Incineroar, L50, M|100/100
|-weather|RainDance|[from] ability: Drizzle|[of] p1b: Pelipper
|-ability|p2b: Incineroar|Intimidate|boost
|-unboost|p1a: Scovillain|atk|1
|-unboost|p1b: Pelipper|atk|1
|turn|1
|
|t:|1776919228
|switch|p2b: Primarina|Primarina, L50, M|100/100
|detailschange|p1a: Scovillain|Scovillain-Mega, L50, M
|-mega|p1a: Scovillain|Scovillain|Scovillainite
|move|p1b: Pelipper|Muddy Water|p2a: Oranguru|[spread] p2a,p2b
|-resisted|p2b: Primarina|1
|-damage|p2a: Oranguru|76/100
|-damage|p2b: Primarina|87/100
|move|p1a: Scovillain|Leech Seed|p2a: Oranguru
|-start|p2a: Oranguru|move: Leech Seed
|move|p2a: Oranguru|Trick Room|p2a: Oranguru
|-fieldstart|move: Trick Room|[of] p2a: Oranguru
|
|-weather|RainDance|[upkeep]
|-damage|p2a: Oranguru|64/100|[from] Leech Seed|[of] p1a: Scovillain
|upkeep
|turn|2
|
|t:|1776919248
|switch|p1b: Archaludon|Archaludon, L50, F|100/100
|move|p2b: Primarina|Hyper Voice|p1a: Scovillain|[spread] p1a,p1b
|-resisted|p1b: Archaludon|1
|-damage|p1a: Scovillain|42/100
|-damage|p1b: Archaludon|79/100
|-status|p2b: Primarina|brn|[from] ability: Spicy Spray|[of] p1a: Scovillain
|-ability|p1b: Archaludon|Stamina|boost
|-boost|p1b: Archaludon|def|1
|move|p2a: Oranguru|Instruct|p2b: Primarina
|-singleturn|p2b: Primarina|move: Instruct|[of] p2a: Oranguru
|move|p2b: Primarina|Hyper Voice|p1b: Archaludon|[spread] p1a,p1b
|-resisted|p1b: Archaludon|1
|-damage|p1a: Scovillain|0 fnt
|-damage|p1b: Archaludon|54/100
|-ability|p1b: Archaludon|Stamina|boost
|-boost|p1b: Archaludon|def|1
|faint|p1a: Scovillain
|
|-weather|RainDance|[upkeep]
|-heal|p1b: Archaludon|60/100|[from] item: Leftovers
|-damage|p2b: Primarina|81/100 brn|[from] brn
|upkeep
|
|t:|1776919269
|switch|p1a: Pelipper|Pelipper, L50, F|100/100
|turn|3
|
|t:|1776919276
|move|p1a: Pelipper|Wide Guard|p1a: Pelipper
|-singleturn|p1a: Pelipper|Wide Guard
|move|p2b: Primarina|Dazzling Gleam|p1b: Archaludon|[spread] 
|-activate|p1a: Pelipper|move: Wide Guard
|-activate|p1b: Archaludon|move: Wide Guard
|move|p2a: Oranguru|Instruct|p2b: Primarina
|-singleturn|p2b: Primarina|move: Instruct|[of] p2a: Oranguru
|move|p2b: Primarina|Dazzling Gleam|p1a: Pelipper|[spread] 
|-activate|p1a: Pelipper|move: Wide Guard
|-activate|p1b: Archaludon|move: Wide Guard
|move|p1b: Archaludon|Electro Shot||[still]
|-prepare|p1b: Archaludon|Electro Shot
|-boost|p1b: Archaludon|spa|1
|-anim|p1b: Archaludon|Electro Shot|p2b: Primarina
|-supereffective|p2b: Primarina|1
|-damage|p2b: Primarina|0 fnt
|faint|p2b: Primarina
|
|-weather|RainDance|[upkeep]
|-heal|p1b: Archaludon|66/100|[from] item: Leftovers
|-damage|p2a: Oranguru|52/100|[from] Leech Seed|[of] p1a: Pelipper
|upkeep
|
|t:|1776919288
|switch|p2b: Incineroar|Incineroar, L50, M|100/100
|-ability|p2b: Incineroar|Intimidate|boost
|-unboost|p1a: Pelipper|atk|1
|-unboost|p1b: Archaludon|atk|1
|turn|4
|
|t:|1776919312
|move|p2b: Incineroar|Close Combat|p1b: Archaludon
|-supereffective|p1b: Archaludon|1
|-damage|p1b: Archaludon|37/100
|-unboost|p2b: Incineroar|def|1
|-unboost|p2b: Incineroar|spd|1
|-ability|p1b: Archaludon|Stamina|boost
|-boost|p1b: Archaludon|def|1
|-enditem|p2b: Incineroar|White Herb
|-clearnegativeboost|p2b: Incineroar|[silent]
|move|p2a: Oranguru|Instruct|p2b: Incineroar
|-singleturn|p2b: Incineroar|move: Instruct|[of] p2a: Oranguru
|move|p2b: Incineroar|Close Combat|p1b: Archaludon
|-supereffective|p1b: Archaludon|1
|-damage|p1b: Archaludon|12/100
|-unboost|p2b: Incineroar|def|1
|-unboost|p2b: Incineroar|spd|1
|-ability|p1b: Archaludon|Stamina|boost
|-boost|p1b: Archaludon|def|1
|move|p1a: Pelipper|Muddy Water|p2a: Oranguru|[spread] p2a
|-miss|p1a: Pelipper|p2b: Incineroar
|-damage|p2a: Oranguru|28/100
|-unboost|p2a: Oranguru|accuracy|1
|move|p1b: Archaludon|Electro Shot||[still]
|-prepare|p1b: Archaludon|Electro Shot
|-boost|p1b: Archaludon|spa|1
|-anim|p1b: Archaludon|Electro Shot|p2a: Oranguru
|-damage|p2a: Oranguru|0 fnt
|faint|p2a: Oranguru
|
|-weather|RainDance|[upkeep]
|-heal|p1b: Archaludon|18/100|[from] item: Leftovers
|upkeep
|
|t:|1776919317
|switch|p2a: Kingambit|Kingambit, L50, M|100/100
|turn|5
|inactive|kodon98 has 30 seconds left.
|
|t:|1776919350
|move|p1b: Archaludon|Protect|p1b: Archaludon
|-singleturn|p1b: Archaludon|Protect
|move|p2a: Kingambit|Kowtow Cleave|p1a: Pelipper
|-damage|p1a: Pelipper|57/100
|move|p2b: Incineroar|Assurance|p1a: Pelipper
|-damage|p1a: Pelipper|5/100
|move|p1a: Pelipper|Muddy Water|p2a: Kingambit|[spread] p2b
|-miss|p1a: Pelipper|p2a: Kingambit
|-supereffective|p2b: Incineroar|1
|-damage|p2b: Incineroar|11/100
|-unboost|p2b: Incineroar|accuracy|1
|
|-weather|none
|-heal|p1b: Archaludon|24/100|[from] item: Leftovers
|-fieldend|move: Trick Room
|upkeep
|turn|6
|inactive|PikaTROD has 30 seconds left.
|inactive|PikaTROD has 20 seconds left.
|
|t:|1776919386
|move|p2a: Kingambit|Sucker Punch|p1a: Pelipper
|-damage|p1a: Pelipper|0 fnt
|faint|p1a: Pelipper
|move|p1b: Archaludon|Aura Sphere|p2b: Incineroar
|-supereffective|p2b: Incineroar|1
|-damage|p2b: Incineroar|0 fnt
|faint|p2b: Incineroar
|
|-heal|p1b: Archaludon|31/100|[from] item: Leftovers
|upkeep
|
|t:|1776919396
|switch|p1a: Basculegion|Basculegion, L50, M|100/100
|turn|7
|
|t:|1776919419
|move|p1a: Basculegion|Wave Crash|p2a: Kingambit
|-damage|p2a: Kingambit|46/100
|-damage|p1a: Basculegion|82/100|[from] Recoil
|move|p1b: Archaludon|Aura Sphere|p2a: Kingambit
|-supereffective|p2a: Kingambit|2
|-enditem|p2a: Kingambit|Chople Berry|[eat]
|-enditem|p2a: Kingambit|Chople Berry|[weaken]
|-damage|p2a: Kingambit|0 fnt
|faint|p2a: Kingambit
|
|win|kodon98
|raw|kodon98's rating: 1635 &rarr; <strong>1657</strong><br />(+22 for winning)
|raw|PikaTROD's rating: 1666 &rarr; <strong>1644</strong><br />(-22 for losing)
|l|☆PikaTROD
|player|p2|
|l|☆kodon98
|player|p1|
|l| 6'4iNHouston
