|j|☆buhhhhhhhh
|j|☆Betsie
|t:|1778499519
|gametype|doubles
|player|p1|buhhhhhhhh|1|1762
|player|p2|Betsie|jacinthe|1878
|gen|9
|tier|[Gen 9 Champions] VGC 2026 Reg M-A
|rated|
|rule|Species Clause: Limit one of each Pokémon
|rule|Item Clause: Limit 1 of each item
|clearpoke
|poke|p1|Charizard, L50, M|
|poke|p1|Glimmora, L50, F|
|poke|p1|Whimsicott, L50, F|
|poke|p1|Incineroar, L50, M|
|poke|p1|Basculegion, L50, M|
|poke|p1|Garchomp, L50, M|
|poke|p2|Pelipper, L50, M|
|poke|p2|Basculegion, L50, M|
|poke|p2|Scovillain, L50, M|
|poke|p2|Kingambit, L50, F|
|poke|p2|Archaludon, L50, F|
|poke|p2|Sableye, L50, M|
|teampreview|4
|
|t:|1778499576
|teamsize|p1|4
|teamsize|p2|4
|start
|switch|p1a: Whimsicott|Whimsicott, L50, F|100/100
|switch|p1b: Garchomp|Garchomp, L50, M|100/100
|switch|p2a: Scovillain|Scovillain, L50, M|100/100
|switch|p2b: Kingambit|Kingambit, L50, F|100/100
|turn|1
|
|t:|1778499591
|switch|p1a: Charizard|Charizard, L50, M|100/100
|detailschange|p2a: Scovillain|Scovillain-Mega, L50, M
|-mega|p2a: Scovillain|Scovillain|Scovillainite
|move|p1b: Garchomp|Protect|p1b: Garchomp
|-singleturn|p1b: Garchomp|Protect
|move|p2b: Kingambit|Protect|p2b: Kingambit
|-singleturn|p2b: Kingambit|Protect
|move|p2a: Scovillain|Super Fang|p1b: Garchomp
|-activate|p1b: Garchomp|move: Protect
|
|upkeep
|turn|2
|c|☆buhhhhhhhh|didnt know that lmao
|
|t:|1778499619
|switch|p1b: Whimsicott|Whimsicott, L50, F|100/100
|detailschange|p1a: Charizard|Charizard-Mega-Y, L50, M
|-mega|p1a: Charizard|Charizard|Charizardite Y
|-weather|SunnyDay|[from] ability: Drought|[of] p1a: Charizard
|move|p2b: Kingambit|Sucker Punch|p1a: Charizard
|-damage|p1a: Charizard|46/100
|move|p1a: Charizard|Heat Wave|p2b: Kingambit|[spread] p2a,p2b
|-supereffective|p2b: Kingambit|1
|-damage|p2a: Scovillain|45/100
|-damage|p2b: Kingambit|0 fnt
|-immune|p1a: Charizard
|faint|p2b: Kingambit
|move|p2a: Scovillain|Overheat|p1a: Charizard
|-resisted|p1a: Charizard|1
|-damage|p1a: Charizard|5/100
|-unboost|p2a: Scovillain|spa|2
|
|-weather|SunnyDay|[upkeep]
|upkeep
|
|t:|1778499633
|switch|p2b: Basculegion|Basculegion, L50, M|100/100
|turn|3
|
|t:|1778499648
|switch|p1a: Incineroar|Incineroar, L50, M|100/100
|-ability|p1a: Incineroar|Intimidate|boost
|-unboost|p2a: Scovillain|atk|1
|-unboost|p2b: Basculegion|atk|1
|move|p1b: Whimsicott|Protect|p1b: Whimsicott
|-singleturn|p1b: Whimsicott|Protect
|move|p2b: Basculegion|Protect|p2b: Basculegion
|-singleturn|p2b: Basculegion|Protect
|move|p2a: Scovillain|Overheat|p1b: Whimsicott
|-activate|p1b: Whimsicott|move: Protect
|
|-weather|SunnyDay|[upkeep]
|upkeep
|turn|4
|
|t:|1778499659
|switch|p2a: Pelipper|Pelipper, L50, M|100/100
|-weather|RainDance|[from] ability: Drizzle|[of] p2a: Pelipper
|move|p2b: Basculegion|Aqua Jet|p1a: Incineroar
|-supereffective|p1a: Incineroar|1
|-damage|p1a: Incineroar|54/100
|move|p1b: Whimsicott|Tailwind|p1b: Whimsicott
|-sidestart|p1: buhhhhhhhh|move: Tailwind
|move|p1a: Incineroar|Throat Chop|p2b: Basculegion
|-supereffective|p2b: Basculegion|1
|-damage|p2b: Basculegion|2/100
|-start|p2b: Basculegion|Throat Chop|[silent]
|
|-weather|RainDance|[upkeep]
|upkeep
|turn|5
|j| porygon-epilepz
|
|t:|1778499676
|switch|p2b: Scovillain|Scovillain-Mega, L50, M|45/100
|switch|p1a: Charizard|Charizard-Mega-Y, L50, M|5/100
|-weather|SunnyDay|[from] ability: Drought|[of] p1a: Charizard
|move|p1b: Whimsicott|Moonblast|p2b: Scovillain
|-resisted|p2b: Scovillain|1
|-damage|p2b: Scovillain|31/100
|-status|p1b: Whimsicott|brn|[from] ability: Spicy Spray|[of] p2b: Scovillain
|move|p2a: Pelipper|Hurricane|p1b: Whimsicott|[miss]
|-miss|p2a: Pelipper|p1b: Whimsicott
|
|-weather|SunnyDay|[upkeep]
|-damage|p1b: Whimsicott|94/100 brn|[from] brn
|upkeep
|turn|6
|
|t:|1778499709
|move|p2b: Scovillain|Protect|p2b: Scovillain
|-singleturn|p2b: Scovillain|Protect
|move|p1b: Whimsicott|Moonblast|p2a: Pelipper
|-damage|p2a: Pelipper|44/100
|move|p1a: Charizard|Weather Ball|p2b: Scovillain
|-activate|p2b: Scovillain|move: Protect
|move|p2a: Pelipper|Weather Ball|p1b: Whimsicott
|-supereffective|p1b: Whimsicott|1
|-damage|p1b: Whimsicott|0 fnt
|faint|p1b: Whimsicott
|
|-weather|SunnyDay|[upkeep]
|upkeep
|
|t:|1778499734
|switch|p1b: Garchomp|Garchomp, L50, M|100/100
|turn|7
|j| BlackTrunk
|
|t:|1778499754
|move|p2a: Pelipper|Wide Guard|p2a: Pelipper
|-singleturn|p2a: Pelipper|Wide Guard
|move|p1b: Garchomp|Dragon Claw|p2b: Scovillain
|-damage|p2b: Scovillain|0 fnt
|-status|p1b: Garchomp|brn|[from] ability: Spicy Spray|[of] p2b: Scovillain
|faint|p2b: Scovillain
|move|p1a: Charizard|Solar Beam||[still]
|-prepare|p1a: Charizard|Solar Beam
|-anim|p1a: Charizard|Solar Beam|p2a: Pelipper
|-damage|p2a: Pelipper|0 fnt
|faint|p2a: Pelipper
|
|-weather|SunnyDay|[upkeep]
|-damage|p1b: Garchomp|94/100 brn|[from] brn
|-sideend|p1: buhhhhhhhh|move: Tailwind
|upkeep
|-message|Betsie forfeited.
|
|win|buhhhhhhhh
|raw|buhhhhhhhh's rating: 1762 &rarr; <strong>1788</strong><br />(+26 for winning)
|raw|Betsie's rating: 1878 &rarr; <strong>1852</strong><br />(-26 for losing)
|l|☆Betsie
|player|p2|
|c|☆buhhhhhhhh|hh
|c|☆buhhhhhhhh|gg
|l| porygon-epilepz
|l|☆buhhhhhhhh
|player|p1|
|j|☆buhhhhhhhh
|player|p1|buhhhhhhhh|1|
