|j|☆megagenger2023
|j|☆Fuzis
|t:|1779879104
|gametype|doubles
|player|p1|megagenger2023|101|1955
|player|p2|Fuzis|karen|1904
|gen|9
|tier|[Gen 9 Champions] VGC 2026 Reg M-A
|rated|
|rule|Species Clause: Limit one of each Pokémon
|rule|Item Clause: Limit 1 of each item
|clearpoke
|poke|p1|Gengar, L50, F|
|poke|p1|Archaludon, L50, F|
|poke|p1|Politoed, L50, F|
|poke|p1|Incineroar, L50, M|
|poke|p1|Sinistcha-Masterpiece, L50|
|poke|p1|Froslass, L50, F|
|poke|p2|Blastoise, L50, M|
|poke|p2|Sinistcha-Masterpiece, L50|
|poke|p2|Incineroar, L50, M|
|poke|p2|Vivillon-Garden, L50, F|
|poke|p2|Garchomp, L50, M|
|poke|p2|Floette-Eternal, L50, F|
|teampreview|4
|inactive|Battle timer is ON: inactive players will automatically lose when time's up. (requested by Fuzis)
|
|t:|1779879143
|teamsize|p1|4
|teamsize|p2|4
|start
|switch|p1a: Gengar|Gengar, L50, F|100/100
|switch|p1b: Incineroar|Incineroar, L50, M|100/100
|switch|p2a: Vivillon|Vivillon-Garden, L50, F|100/100
|switch|p2b: Blastoise|Blastoise, L50, M|100/100
|-ability|p1b: Incineroar|Intimidate|boost
|-unboost|p2a: Vivillon|atk|1
|-unboost|p2b: Blastoise|atk|1
|turn|1
|l|☆Fuzis
|inactive|Fuzis disconnected and has a minute to reconnect!
|player|p2|
|j|☆Fuzis
|inactive|Fuzis reconnected and has 45 seconds left.
|player|p2|Fuzis|karen|
|
|t:|1779879167
|detailschange|p1a: Gengar|Gengar-Mega, L50, F
|-mega|p1a: Gengar|Gengar|Gengarite
|detailschange|p2b: Blastoise|Blastoise-Mega, L50, M
|-mega|p2b: Blastoise|Blastoise|Blastoisinite
|move|p1b: Incineroar|Fake Out|p2a: Vivillon
|-damage|p2a: Vivillon|80/100
|move|p1a: Gengar|Perish Song|p1a: Gengar
|-start|p1a: Gengar|perish3|[silent]
|-start|p1b: Incineroar|perish3|[silent]
|-start|p2a: Vivillon|perish3|[silent]
|-start|p2b: Blastoise|perish3|[silent]
|-fieldactivate|move: Perish Song
|cant|p2a: Vivillon|flinch
|move|p2b: Blastoise|Shell Smash|p2b: Blastoise
|-unboost|p2b: Blastoise|def|1
|-unboost|p2b: Blastoise|spd|1
|-boost|p2b: Blastoise|atk|2
|-boost|p2b: Blastoise|spa|2
|-boost|p2b: Blastoise|spe|2
|
|-start|p2b: Blastoise|perish3
|-start|p1a: Gengar|perish3
|-start|p2a: Vivillon|perish3
|-start|p1b: Incineroar|perish3
|upkeep
|turn|2
|inactive|Fuzis has 30 seconds left.
|
|t:|1779879193
|move|p1a: Gengar|Protect|p1a: Gengar
|-singleturn|p1a: Gengar|Protect
|move|p1b: Incineroar|Protect|p1b: Incineroar
|-singleturn|p1b: Incineroar|Protect
|move|p2b: Blastoise|Water Spout|p1a: Gengar|[spread] 
|-activate|p1a: Gengar|move: Protect
|-activate|p1b: Incineroar|move: Protect
|move|p2a: Vivillon|Tailwind|p2a: Vivillon
|-sidestart|p2: Fuzis|move: Tailwind
|
|-start|p2b: Blastoise|perish2
|-start|p2a: Vivillon|perish2
|-start|p1a: Gengar|perish2
|-start|p1b: Incineroar|perish2
|upkeep
|turn|3
|inactive|megagenger2023 has 30 seconds left.
|inactive|Fuzis has 30 seconds left.
|
|t:|1779879223
|switch|p1a: Sinistcha|Sinistcha-Masterpiece, L50|100/100
|move|p2b: Blastoise|Water Spout|p1b: Incineroar|[spread] p1a,p1b
|-resisted|p1a: Sinistcha|1
|-supereffective|p1b: Incineroar|1
|-damage|p1a: Sinistcha|37/100
|-damage|p1b: Incineroar|0 fnt
|faint|p1b: Incineroar
|move|p2a: Vivillon|Hurricane|p1a: Sinistcha
|-supereffective|p1a: Sinistcha|1
|-crit|p1a: Sinistcha
|-damage|p1a: Sinistcha|0 fnt
|faint|p1a: Sinistcha
|
|-start|p2b: Blastoise|perish1
|-start|p2a: Vivillon|perish1
|upkeep
|
|t:|1779879230
|switch|p1a: Gengar|Gengar-Mega, L50, F|100/100
|switch|p1b: Politoed|Politoed, L50, F|100/100
|-weather|RainDance|[from] ability: Drizzle|[of] p1b: Politoed
|turn|4
|inactive|Fuzis has 30 seconds left.
|
|t:|1779879257
|move|p1a: Gengar|Protect|p1a: Gengar
|-singleturn|p1a: Gengar|Protect
|move|p1b: Politoed|Protect|p1b: Politoed
|-singleturn|p1b: Politoed|Protect
|move|p2b: Blastoise|Water Spout|p1a: Gengar|[spread] 
|-activate|p1a: Gengar|move: Protect
|-activate|p1b: Politoed|move: Protect
|move|p2a: Vivillon|Hurricane|p1a: Gengar
|-activate|p1a: Gengar|move: Protect
|
|-weather|RainDance|[upkeep]
|-start|p2b: Blastoise|perish0
|-start|p2a: Vivillon|perish0
|faint|p2b: Blastoise
|faint|p2a: Vivillon
|upkeep
|
|t:|1779879261
|switch|p2a: Incineroar|Incineroar, L50, M|100/100
|switch|p2b: Sinistcha|Sinistcha-Masterpiece, L50|100/100
|-ability|p2a: Incineroar|Intimidate|boost
|-unboost|p1a: Gengar|atk|1
|-unboost|p1b: Politoed|atk|1
|turn|5
|inactive|Fuzis has 30 seconds left.
|
|t:|1779879294
|move|p2b: Sinistcha|Matcha Gotcha|p1b: Politoed|[spread] p1a,p1b
|-resisted|p1a: Gengar|1
|-supereffective|p1b: Politoed|1
|-damage|p1a: Gengar|89/100
|-damage|p1b: Politoed|63/100
|-status|p1a: Gengar|brn
|move|p2a: Incineroar|Throat Chop|p1a: Gengar
|-supereffective|p1a: Gengar|1
|-damage|p1a: Gengar|4/100 brn
|-start|p1a: Gengar|Throat Chop|[silent]
|move|p1a: Gengar|Shadow Ball|p2b: Sinistcha
|-supereffective|p2b: Sinistcha|1
|-damage|p2b: Sinistcha|13/100
|-enditem|p2b: Sinistcha|Sitrus Berry|[eat]
|-heal|p2b: Sinistcha|37/100|[from] item: Sitrus Berry
|move|p1b: Politoed|Hypnosis|p2b: Sinistcha|[miss]
|-miss|p1b: Politoed|p2b: Sinistcha
|
|-weather|RainDance|[upkeep]
|-damage|p1a: Gengar|0 fnt|[from] brn
|faint|p1a: Gengar
|-sideend|p2: Fuzis|move: Tailwind
|upkeep
|turn|6
|-message|megagenger2023 forfeited.
|
|win|Fuzis
|raw|megagenger2023's rating: 1955 &rarr; <strong>1932</strong><br />(-23 for losing)
|raw|Fuzis's rating: 1904 &rarr; <strong>1927</strong><br />(+23 for winning)
|l|☆megagenger2023
|player|p1|
|l|☆Fuzis
|player|p2|
