|j|☆silhumyong
|j|☆chatis
|t:|1778035458
|gametype|doubles
|player|p1|silhumyong|rosa|1745
|player|p2|chatis|266|1815
|gen|9
|tier|[Gen 9 Champions] VGC 2026 Reg M-A
|rated|
|rule|Species Clause: Limit one of each Pokémon
|rule|Item Clause: Limit 1 of each item
|clearpoke
|poke|p1|Floette-Eternal, L50, F|
|poke|p1|Maushold-Four, L50, shiny|
|poke|p1|Basculegion, L50, M, shiny|
|poke|p1|Dragonite, L50, F, shiny|
|poke|p1|Sneasler, L50, F, shiny|
|poke|p1|Kingambit, L50, F, shiny|
|poke|p2|Farigiraf, L50, M|
|poke|p2|Charizard, L50, F|
|poke|p2|Garchomp, L50, M|
|poke|p2|Floette-Eternal, L50, F|
|poke|p2|Sneasler, L50, M|
|poke|p2|Kingambit, L50, F|
|teampreview|4
|
|t:|1778035534
|teamsize|p1|4
|teamsize|p2|4
|start
|switch|p1a: Dragonite|Dragonite, L50, F, shiny|100/100
|switch|p1b: Sneasler|Sneasler, L50, F, shiny|100/100
|switch|p2a: Floette|Floette-Eternal, L50, F|100/100
|switch|p2b: Kingambit|Kingambit, L50, F|100/100
|turn|1
|j| kingamazin
|j| Xurkitree Autista
|
|t:|1778035551
|switch|p2b: Sneasler|Sneasler, L50, M|100/100
|move|p2a: Floette|Protect|p2a: Floette
|-singleturn|p2a: Floette|Protect
|move|p1b: Sneasler|Dire Claw|p2a: Floette
|-activate|p2a: Floette|move: Protect
|move|p1a: Dragonite|Tailwind|p1a: Dragonite
|-sidestart|p1: silhumyong|move: Tailwind
|
|upkeep
|turn|2
|inactive|Battle timer is ON: inactive players will automatically lose when time's up. (requested by chatis)
|
|t:|1778035566
|detailschange|p2a: Floette|Floette-Mega, L50, F
|-mega|p2a: Floette|Floette|Floettite
|-ability|p2a: Floette|Fairy Aura
|move|p2b: Sneasler|Fake Out|p1a: Dragonite
|-crit|p1a: Dragonite
|-damage|p1a: Dragonite|88/100
|move|p1b: Sneasler|Dire Claw|p2a: Floette
|-supereffective|p2a: Floette|1
|-damage|p2a: Floette|23/100
|cant|p1a: Dragonite|flinch
|move|p2a: Floette|Moonblast|p1a: Dragonite
|-supereffective|p1a: Dragonite|1
|-crit|p1a: Dragonite
|-damage|p1a: Dragonite|0 fnt
|faint|p1a: Dragonite
|
|upkeep
|
|t:|1778035579
|switch|p1a: Basculegion|Basculegion, L50, M, shiny|100/100
|turn|3
|
|t:|1778035593
|move|p1a: Basculegion|Wave Crash|p2b: Sneasler
|-damage|p2b: Sneasler|0 fnt
|faint|p2b: Sneasler
|-damage|p1a: Basculegion|73/100|[from] Recoil
|move|p1b: Sneasler|Close Combat|p2a: Floette
|-resisted|p2a: Floette|1
|-damage|p2a: Floette|0 fnt
|-unboost|p1b: Sneasler|def|1
|-unboost|p1b: Sneasler|spd|1
|faint|p2a: Floette
|-enditem|p1b: Sneasler|White Herb
|-clearnegativeboost|p1b: Sneasler|[silent]
|
|upkeep
|
|t:|1778035595
|switch|p2b: Kingambit|Kingambit, L50, F|100/100
|switch|p2a: Farigiraf|Farigiraf, L50, M|100/100
|turn|4
|
|t:|1778035606
|move|p2b: Kingambit|Protect|p2b: Kingambit
|-singleturn|p2b: Kingambit|Protect
|move|p1b: Sneasler|Close Combat|p2a: Farigiraf
|-damage|p2a: Farigiraf|45/100
|-unboost|p1b: Sneasler|def|1
|-unboost|p1b: Sneasler|spd|1
|-enditem|p2a: Farigiraf|Sitrus Berry|[eat]
|-heal|p2a: Farigiraf|70/100|[from] item: Sitrus Berry
|move|p1a: Basculegion|Wave Crash|p2a: Farigiraf
|-damage|p2a: Farigiraf|0 fnt
|faint|p2a: Farigiraf
|-damage|p1a: Basculegion|47/100|[from] Recoil
|
|-sideend|p1: silhumyong|move: Tailwind
|upkeep
|turn|5
|
|t:|1778035615
|switch|p1b: Floette|Floette-Eternal, L50, F|100/100
|move|p2b: Kingambit|Sucker Punch||[still]
|-fail|p2b: Kingambit
|move|p1a: Basculegion|Wave Crash|p2b: Kingambit
|-damage|p2b: Kingambit|47/100
|-damage|p1a: Basculegion|28/100|[from] Recoil
|
|upkeep
|turn|6
|-message|chatis forfeited.
|
|win|silhumyong
|raw|silhumyong's rating: 1745 &rarr; <strong>1769</strong><br />(+24 for winning)
|raw|chatis's rating: 1815 &rarr; <strong>1791</strong><br />(-24 for losing)
|l|☆chatis
|player|p2|
|l| kingamazin
