|j|☆testy accounty 2
|j|☆Diriana
|t:|1776786288
|gametype|doubles
|player|p1|testy accounty 2|101|1729
|player|p2|Diriana|miku-flying|1671
|gen|9
|tier|[Gen 9 Champions] VGC 2026 Reg M-A
|rated|
|rule|Species Clause: Limit one of each Pokémon
|rule|Item Clause: Limit 1 of each item
|clearpoke
|poke|p1|Incineroar, L50, M|
|poke|p1|Gengar, L50, F, shiny|
|poke|p1|Politoed, L50, M|
|poke|p1|Archaludon, L50, F|
|poke|p1|Meganium, L50, M|
|poke|p1|Volcarona, L50, F|
|poke|p2|Aerodactyl, L50, F|
|poke|p2|Archaludon, L50, M|
|poke|p2|Basculegion, L50, M|
|poke|p2|Kingambit, L50, F|
|poke|p2|Pelipper, L50, M|
|poke|p2|Scovillain, L50, F, shiny|
|teampreview|4
|inactive|Battle timer is ON: inactive players will automatically lose when time's up. (requested by Diriana)
|j| ChinaDragonVGC
|l| ChinaDragonVGC
|inactive|testy accounty 2 has 60 seconds left.
|inactive|Diriana has 60 seconds left.
|
|t:|1776786332
|teamsize|p1|4
|teamsize|p2|4
|start
|switch|p1a: Gengar|Gengar, L50, F, shiny|100/100
|switch|p1b: Ian|Incineroar, L50, M|100/100
|switch|p2a: Archaludon|Archaludon, L50, M|100/100
|switch|p2b: Pelipper|Pelipper, L50, M|100/100
|-weather|RainDance|[from] ability: Drizzle|[of] p2b: Pelipper
|-ability|p1b: Ian|Intimidate|boost
|-unboost|p2a: Archaludon|atk|1
|-unboost|p2b: Pelipper|atk|1
|turn|1
|inactive|Diriana has 30 seconds left.
|
|t:|1776786362
|detailschange|p1a: Gengar|Gengar-Mega, L50, F, shiny
|-mega|p1a: Gengar|Gengar|Gengarite
|move|p1b: Ian|Fake Out|p2a: Archaludon
|-resisted|p2a: Archaludon|1
|-damage|p2a: Archaludon|96/100
|cant|p2a: Archaludon|flinch
|move|p1a: Gengar|Perish Song|p1a: Gengar
|-start|p1a: Gengar|perish3|[silent]
|-start|p1b: Ian|perish3|[silent]
|-start|p2a: Archaludon|perish3|[silent]
|-start|p2b: Pelipper|perish3|[silent]
|-fieldactivate|move: Perish Song
|move|p2b: Pelipper|Weather Ball|p1a: Gengar
|-damage|p1a: Gengar|41/100
|
|-weather|RainDance|[upkeep]
|-start|p2a: Archaludon|perish3
|-start|p1a: Gengar|perish3
|-start|p2b: Pelipper|perish3
|-start|p1b: Ian|perish3
|upkeep
|turn|2
|j| ChinaDragonVGC
|l| ChinaDragonVGC
|inactive|testy accounty 2 has 30 seconds left.
|inactive|testy accounty 2 has 20 seconds left.
|inactive|testy accounty 2 has 15 seconds left.
|
|t:|1776786405
|move|p1a: Gengar|Protect|p1a: Gengar
|-singleturn|p1a: Gengar|Protect
|move|p1b: Ian|Protect|p1b: Ian
|-singleturn|p1b: Ian|Protect
|move|p2a: Archaludon|Electro Shot||[still]
|-prepare|p2a: Archaludon|Electro Shot
|-boost|p2a: Archaludon|spa|1
|-anim|p2a: Archaludon|Electro Shot|p1a: Gengar
|-activate|p1a: Gengar|move: Protect
|move|p2b: Pelipper|Weather Ball|p1b: Ian
|-activate|p1b: Ian|move: Protect
|
|-weather|RainDance|[upkeep]
|-start|p2a: Archaludon|perish2
|-start|p1a: Gengar|perish2
|-start|p2b: Pelipper|perish2
|-start|p1b: Ian|perish2
|upkeep
|turn|3
|inactive|testy accounty 2 has 30 seconds left.
|
|t:|1776786432
|switch|p1a: Volcarona|Volcarona, L50, F|100/100
|move|p2a: Archaludon|Electro Shot||[still]
|-prepare|p2a: Archaludon|Electro Shot
|-boost|p2a: Archaludon|spa|1
|-anim|p2a: Archaludon|Electro Shot|p1b: Ian
|-damage|p1b: Ian|40/100
|-enditem|p1b: Ian|Sitrus Berry|[eat]
|-heal|p1b: Ian|65/100|[from] item: Sitrus Berry
|move|p2b: Pelipper|Hurricane|p1a: Volcarona
|-supereffective|p1a: Volcarona|1
|-damage|p1a: Volcarona|37/100
|-start|p1a: Volcarona|confusion
|move|p1b: Ian|Parting Shot|p2b: Pelipper
|-unboost|p2b: Pelipper|atk|1
|-unboost|p2b: Pelipper|spa|1
|
|t:|1776786450
|switch|p1b: Gengar|Gengar-Mega, L50, F, shiny|41/100|[from] Parting Shot
|
|-weather|RainDance|[upkeep]
|-start|p2a: Archaludon|perish1
|-start|p2b: Pelipper|perish1
|upkeep
|turn|4
|
|t:|1776786462
|move|p1b: Gengar|Protect|p1b: Gengar
|-singleturn|p1b: Gengar|Protect
|-activate|p1a: Volcarona|confusion
|-damage|p1a: Volcarona|32/100|[from] confusion
|move|p2a: Archaludon|Electro Shot||[still]
|-prepare|p2a: Archaludon|Electro Shot
|-boost|p2a: Archaludon|spa|1
|-anim|p2a: Archaludon|Electro Shot|p1a: Volcarona
|-damage|p1a: Volcarona|0 fnt
|faint|p1a: Volcarona
|move|p2b: Pelipper|Weather Ball|p1b: Gengar
|-activate|p1b: Gengar|move: Protect
|
|-weather|RainDance|[upkeep]
|-start|p2a: Archaludon|perish0
|-start|p2b: Pelipper|perish0
|faint|p2a: Archaludon
|faint|p2b: Pelipper
|upkeep
|
|t:|1776786479
|switch|p2a: Basculegion|Basculegion, L50, M|100/100
|switch|p1a: Rosey|Politoed, L50, M|100/100
|switch|p2b: Scovillain|Scovillain, L50, F, shiny|100/100
|turn|5
|inactive|testy accounty 2 has 30 seconds left.
|
|t:|1776786515
|switch|p1a: Ian|Incineroar, L50, M|65/100
|-ability|p1a: Ian|Intimidate|boost
|-unboost|p2a: Basculegion|atk|1
|-unboost|p2b: Scovillain|atk|1
|detailschange|p2b: Scovillain|Scovillain-Mega, L50, F, shiny
|-mega|p2b: Scovillain|Scovillain|Scovillainite
|move|p2a: Basculegion|Aqua Jet|p1b: Gengar
|-damage|p1b: Gengar|11/100
|move|p1b: Gengar|Perish Song|p1b: Gengar
|-start|p1a: Ian|perish3|[silent]
|-start|p1b: Gengar|perish3|[silent]
|-start|p2a: Basculegion|perish3|[silent]
|-start|p2b: Scovillain|perish3|[silent]
|-fieldactivate|move: Perish Song
|move|p2b: Scovillain|Leech Seed|p1a: Ian
|-start|p1a: Ian|move: Leech Seed
|
|-weather|none
|-damage|p1a: Ian|52/100|[from] Leech Seed|[of] p2b: Scovillain
|-start|p1b: Gengar|perish3
|-start|p2a: Basculegion|perish3
|-start|p2b: Scovillain|perish3
|-start|p1a: Ian|perish3
|upkeep
|turn|6
|
|t:|1776786539
|move|p1b: Gengar|Protect|p1b: Gengar
|-singleturn|p1b: Gengar|Protect
|move|p1a: Ian|Protect|p1a: Ian
|-singleturn|p1a: Ian|Protect
|move|p2b: Scovillain|Rage Powder|p2b: Scovillain
|-singleturn|p2b: Scovillain|move: Rage Powder
|move|p2a: Basculegion|Aqua Jet|p1b: Gengar
|-activate|p1b: Gengar|move: Protect
|
|-damage|p1a: Ian|40/100|[from] Leech Seed|[of] p2b: Scovillain
|-start|p1b: Gengar|perish2
|-start|p2a: Basculegion|perish2
|-start|p2b: Scovillain|perish2
|-start|p1a: Ian|perish2
|upkeep
|turn|7
|-message|Diriana forfeited.
|
|win|testy accounty 2
|raw|testy accounty 2's rating: 1729 &rarr; <strong>1746</strong><br />(+17 for winning)
|raw|Diriana's rating: 1671 &rarr; <strong>1654</strong><br />(-17 for losing)
|l|☆Diriana
|player|p2|
|j| your stepsister
