|j|☆Dalechamp
|j|☆Yugi wit da hoodie
|t:|1777602512
|gametype|doubles
|player|p1|Dalechamp|266|1791
|player|p2|Yugi wit da hoodie|2|1728
|gen|9
|tier|[Gen 9 Champions] VGC 2026 Reg M-A
|rated|
|rule|Species Clause: Limit one of each Pokémon
|rule|Item Clause: Limit 1 of each item
|clearpoke
|poke|p1|Archaludon, L50, M|
|poke|p1|Basculegion, L50, M|
|poke|p1|Pelipper, L50, M|
|poke|p1|Farigiraf, L50, M|
|poke|p1|Venusaur, L50, F|
|poke|p1|Aegislash, L50, F|
|poke|p2|Scovillain, L50, M|
|poke|p2|Sneasler, L50, F|
|poke|p2|Farigiraf, L50, M|
|poke|p2|Kingambit, L50, M|
|poke|p2|Basculegion, L50, M|
|poke|p2|Pelipper, L50, F|
|teampreview|4
|inactive|Battle timer is ON: inactive players will automatically lose when time's up. (requested by Dalechamp)
|j| Raggirocamera
|j| TomTom_JerryJerry
|inactive|Yugi wit da hoodie has 60 seconds left.
|l| Raggirocamera
|j| SleepySnowlax
|inactive|Yugi wit da hoodie has 30 seconds left.
|
|t:|1777602604
|teamsize|p1|4
|teamsize|p2|4
|start
|switch|p1a: Venusaur|Venusaur, L50, F|100/100
|switch|p1b: Archaludon|Archaludon, L50, M|100/100
|switch|p2a: Scovillain|Scovillain, L50, M|100/100
|switch|p2b: Sneasler|Sneasler, L50, F|100/100
|turn|1
|
|t:|1777602618
|switch|p1b: Aegislash|Aegislash, L50, F|100/100
|detailschange|p1a: Venusaur|Venusaur-Mega, L50, F
|-mega|p1a: Venusaur|Venusaur|Venusaurite
|detailschange|p2a: Scovillain|Scovillain-Mega, L50, M
|-mega|p2a: Scovillain|Scovillain|Scovillainite
|move|p2b: Sneasler|Fake Out|p1a: Venusaur
|-damage|p1a: Venusaur|86/100
|cant|p1a: Venusaur|flinch
|move|p2a: Scovillain|Spicy Extract|p2b: Sneasler
|-boost|p2b: Sneasler|atk|2
|-unboost|p2b: Sneasler|def|2
|-enditem|p2b: Sneasler|White Herb
|-clearnegativeboost|p2b: Sneasler|[silent]
|
|upkeep
|turn|2
|inactive|Dalechamp has 30 seconds left.
|inactive|Yugi wit da hoodie has 30 seconds left.
|
|t:|1777602645
|move|p2b: Sneasler|Dire Claw|p1a: Venusaur
|-damage|p1a: Venusaur|19/100
|move|p1a: Venusaur|Sludge Wave|p2b: Sneasler|[spread] p2a,p2b
|-immune|p1b: Aegislash
|-supereffective|p2a: Scovillain|1
|-resisted|p2b: Sneasler|1
|-damage|p2a: Scovillain|22/100
|-damage|p2b: Sneasler|76/100
|-status|p1a: Venusaur|brn|[from] ability: Spicy Spray|[of] p2a: Scovillain
|move|p2a: Scovillain|Flamethrower|p1b: Aegislash
|-supereffective|p1b: Aegislash|1
|-damage|p1b: Aegislash|28/100
|-formechange|p1b: Aegislash|Aegislash-Blade|
|move|p1b: Aegislash|Poltergeist||[still]
|-fail|p1b: Aegislash
|
|-damage|p1a: Venusaur|13/100 brn|[from] brn
|upkeep
|turn|3
|j| pikachublastman
|inactive|Dalechamp has 30 seconds left.
|inactive|Yugi wit da hoodie has 30 seconds left.
|inactive|Dalechamp has 20 seconds left.
|inactive|Yugi wit da hoodie has 20 seconds left.
|j| Fancy Cucudrula
|inactive|Yugi wit da hoodie has 15 seconds left.
|j| paristont
|j| darkbeam79
|inactive|Yugi wit da hoodie has 10 seconds left.
|
|t:|1777602693
|-formechange|p1b: Aegislash|Aegislash|
|move|p1b: Aegislash|King's Shield|p1b: Aegislash
|-singleturn|p1b: Aegislash|Protect
|move|p2b: Sneasler|Close Combat|p1a: Venusaur
|-resisted|p1a: Venusaur|1
|-damage|p1a: Venusaur|0 fnt
|-unboost|p2b: Sneasler|def|1
|-unboost|p2b: Sneasler|spd|1
|faint|p1a: Venusaur
|move|p2a: Scovillain|Flamethrower|p1b: Aegislash
|-activate|p1b: Aegislash|move: Protect
|
|upkeep
|l| pikachublastman
|j| IceIceCrazy
|
|t:|1777602714
|switch|p1a: Pelipper|Pelipper, L50, M|100/100
|-weather|RainDance|[from] ability: Drizzle|[of] p1a: Pelipper
|turn|4
|l| darkbeam79
|j| CreamyWeem
|j| darkbeam79
|inactive|Yugi wit da hoodie has 30 seconds left.
|inactive|Yugi wit da hoodie has 20 seconds left.
|inactive|Yugi wit da hoodie has 15 seconds left.
|
|t:|1777602759
|move|p1a: Pelipper|Protect|p1a: Pelipper
|-singleturn|p1a: Pelipper|Protect
|-formechange|p1b: Aegislash|Aegislash-Blade|
|move|p1b: Aegislash|Shadow Sneak|p2b: Sneasler
|-damage|p2b: Sneasler|2/100
|move|p2b: Sneasler|Dire Claw|p1a: Pelipper
|-activate|p1a: Pelipper|move: Protect
|move|p2a: Scovillain|Giga Drain|p1a: Pelipper
|-activate|p1a: Pelipper|move: Protect
|
|-weather|RainDance|[upkeep]
|upkeep
|turn|5
|inactive|Yugi wit da hoodie has 30 seconds left.
|inactive|Yugi wit da hoodie has 20 seconds left.
|
|t:|1777602799
|move|p2b: Sneasler|Protect|p2b: Sneasler
|-singleturn|p2b: Sneasler|Protect
|move|p1b: Aegislash|Shadow Sneak|p2b: Sneasler
|-activate|p2b: Sneasler|move: Protect
|move|p2a: Scovillain|Flamethrower|p1b: Aegislash
|-supereffective|p1b: Aegislash|1
|-damage|p1b: Aegislash|0 fnt
|faint|p1b: Aegislash
|move|p1a: Pelipper|Tailwind|p1a: Pelipper
|-sidestart|p1: Dalechamp|move: Tailwind
|
|-weather|RainDance|[upkeep]
|upkeep
|
|t:|1777602806
|switch|p1b: Archaludon|Archaludon, L50, M|100/100
|turn|6
|inactive|Yugi wit da hoodie has 30 seconds left.
|
|t:|1777602839
|move|p1b: Archaludon|Protect|p1b: Archaludon
|-singleturn|p1b: Archaludon|Protect
|move|p2a: Scovillain|Rage Powder|p2a: Scovillain
|-singleturn|p2a: Scovillain|move: Rage Powder
|move|p2b: Sneasler|Close Combat|p1b: Archaludon
|-activate|p1b: Archaludon|move: Protect
|move|p1a: Pelipper|Muddy Water|p2a: Scovillain|[spread] p2a
|-miss|p1a: Pelipper|p2b: Sneasler
|-damage|p2a: Scovillain|0 fnt
|-status|p1a: Pelipper|brn|[from] ability: Spicy Spray|[of] p2a: Scovillain
|faint|p2a: Scovillain
|
|-weather|RainDance|[upkeep]
|-damage|p1a: Pelipper|94/100 brn|[from] brn
|upkeep
|c|☆Yugi wit da hoodie|Lol
|c|☆Yugi wit da hoodie|unlucky
|inactive|Yugi wit da hoodie has 30 seconds left.
|j| Ardzzz
|inactive|Yugi wit da hoodie has 20 seconds left.
|
|t:|1777602877
|switch|p2a: Pelipper|Pelipper, L50, F|100/100
|turn|7
|
|t:|1777602890
|move|p1b: Archaludon|Protect||[still]
|-fail|p1b: Archaludon
|move|p2b: Sneasler|Close Combat|p1b: Archaludon
|-supereffective|p1b: Archaludon|1
|-damage|p1b: Archaludon|0 fnt
|-unboost|p2b: Sneasler|def|1
|-unboost|p2b: Sneasler|spd|1
|faint|p1b: Archaludon
|move|p1a: Pelipper|Muddy Water|p2a: Pelipper|[spread] p2b
|-miss|p1a: Pelipper|p2a: Pelipper
|-damage|p2b: Sneasler|0 fnt
|faint|p2b: Sneasler
|move|p2a: Pelipper|Tailwind|p2a: Pelipper
|-sidestart|p2: Yugi wit da hoodie|move: Tailwind
|
|-weather|RainDance|[upkeep]
|-damage|p1a: Pelipper|88/100 brn|[from] brn
|upkeep
|
|t:|1777602905
|switch|p2b: Basculegion|Basculegion, L50, M|100/100
|turn|8
|l| TomTom_JerryJerry
|j| TomTom_JerryJerry
|
|t:|1777602918
|move|p2b: Basculegion|Last Respects|p1a: Pelipper
|-damage|p1a: Pelipper|7/100 brn
|-enditem|p1a: Pelipper|Sitrus Berry|[eat]
|-heal|p1a: Pelipper|32/100 brn|[from] item: Sitrus Berry
|move|p2a: Pelipper|Hurricane|p1a: Pelipper
|-damage|p1a: Pelipper|0 fnt
|faint|p1a: Pelipper
|
|win|Yugi wit da hoodie
|raw|Dalechamp's rating: 1791 &rarr; <strong>1767</strong><br />(-24 for losing)
|raw|Yugi wit da hoodie's rating: 1728 &rarr; <strong>1752</strong><br />(+24 for winning)
|l| TomTom_JerryJerry
|l|☆Dalechamp
|player|p1|
|l| darkbeam79
