|raw|<div class="broadcast-blue"><strong>This battle is required to be public due to a player having a name starting with 'sdlt'.</div>
|j|☆LittleGigantVGC
|j|☆SDLT2FCO TEP
|t:|1778155337
|gametype|doubles
|player|p1|LittleGigantVGC|benga|1765
|player|p2|SDLT2FCO TEP|1|1764
|gen|9
|tier|[Gen 9 Champions] VGC 2026 Reg M-A
|rated|
|rule|Species Clause: Limit one of each Pokémon
|rule|Item Clause: Limit 1 of each item
|clearpoke
|poke|p1|Chandelure, L50, F, shiny|
|poke|p1|Whimsicott, L50, M, shiny|
|poke|p1|Samurott-Hisui, L50, F, shiny|
|poke|p1|Vanilluxe, L50, F, shiny|
|poke|p1|Tinkaton, L50, F|
|poke|p1|Glimmora, L50, F, shiny|
|poke|p2|Tyranitar, L50, F|
|poke|p2|Excadrill, L50, F|
|poke|p2|Kommo-o, L50, M|
|poke|p2|Milotic, L50, F|
|poke|p2|Meganium, L50, F|
|poke|p2|Volcarona, L50, M|
|teampreview|4
|inactive|Battle timer is ON: inactive players will automatically lose when time's up. (requested by SDLT2FCO TEP)
|inactive|LittleGigantVGC has 60 seconds left.
|
|t:|1778155370
|teamsize|p1|4
|teamsize|p2|4
|start
|switch|p1a: Tinkaton|Tinkaton, L50, F|100/100
|switch|p1b: Samurott|Samurott-Hisui, L50, F, shiny|100/100
|switch|p2a: Tyranitar|Tyranitar, L50, F|100/100
|switch|p2b: Excadrill|Excadrill, L50, F|100/100
|-ability|p1a: Tinkaton|Mold Breaker
|-weather|Sandstorm|[from] ability: Sand Stream|[of] p2a: Tyranitar
|turn|1
|
|t:|1778155392
|move|p2b: Excadrill|Protect|p2b: Excadrill
|-singleturn|p2b: Excadrill|Protect
|move|p2a: Tyranitar|Protect|p2a: Tyranitar
|-singleturn|p2a: Tyranitar|Protect
|move|p1a: Tinkaton|Feint|p2b: Excadrill
|-activate|p2b: Excadrill|move: Feint
|-resisted|p2b: Excadrill|1
|-damage|p2b: Excadrill|95/100
|move|p1b: Samurott|Aqua Cutter|p2b: Excadrill
|-supereffective|p2b: Excadrill|1
|-crit|p2b: Excadrill
|-damage|p2b: Excadrill|0 fnt
|faint|p2b: Excadrill
|
|-weather|Sandstorm|[upkeep]
|-damage|p1b: Samurott|93/100|[from] Sandstorm
|upkeep
|inactive|SDLT2FCO TEP has 30 seconds left.
|inactive|SDLT2FCO TEP has 20 seconds left.
|inactive|SDLT2FCO TEP has 15 seconds left.
|j| championstestroom
|inactive|SDLT2FCO TEP has 10 seconds left.
|
|t:|1778155441
|switch|p2b: Milotic|Milotic, L50, F|100/100
|turn|2
|
|t:|1778155451
|switch|p2a: Volcarona|Volcarona, L50, M|100/100
|move|p1a: Tinkaton|Gigaton Hammer|p2a: Volcarona
|-resisted|p2a: Volcarona|1
|-damage|p2a: Volcarona|73/100
|move|p1b: Samurott|Night Slash|p2b: Milotic
|-crit|p2b: Milotic
|-damage|p2b: Milotic|43/100
|move|p2b: Milotic|Scald|p1a: Tinkaton
|-damage|p1a: Tinkaton|71/100
|
|-weather|Sandstorm|[upkeep]
|-damage|p1b: Samurott|87/100|[from] Sandstorm
|-damage|p2a: Volcarona|67/100|[from] Sandstorm
|-damage|p2b: Milotic|37/100|[from] Sandstorm
|-heal|p2b: Milotic|43/100|[from] item: Leftovers
|upkeep
|turn|3
|
|t:|1778155472
|switch|p1a: Whimsicott|Whimsicott, L50, M, shiny|100/100
|move|p1b: Samurott|Night Slash|p2b: Milotic
|-damage|p2b: Milotic|6/100
|move|p2a: Volcarona|Tailwind|p2a: Volcarona
|-sidestart|p2: SDLT2FCO TEP|move: Tailwind
|move|p2b: Milotic|Life Dew|p2b: Milotic|[spread] p2a,p2b
|-heal|p2a: Volcarona|92/100
|-heal|p2b: Milotic|31/100
|
|-weather|Sandstorm|[upkeep]
|-damage|p2a: Volcarona|85/100|[from] Sandstorm
|-damage|p2b: Milotic|25/100|[from] Sandstorm
|-damage|p1a: Whimsicott|94/100|[from] Sandstorm
|-damage|p1b: Samurott|81/100|[from] Sandstorm
|-heal|p2b: Milotic|31/100|[from] item: Leftovers
|upkeep
|turn|4
|j| alkagen101
|inactive|SDLT2FCO TEP has 30 seconds left.
|inactive|SDLT2FCO TEP has 20 seconds left.
|inactive|SDLT2FCO TEP has 15 seconds left.
|inactive|SDLT2FCO TEP has 10 seconds left.
|inactive|SDLT2FCO TEP has 5 seconds left.
|
|t:|1778155525
|switch|p2b: Tyranitar|Tyranitar, L50, F|100/100
|move|p1a: Whimsicott|Encore|p2a: Volcarona
|-start|p2a: Volcarona|Encore
|move|p2a: Volcarona|Tailwind||[still]
|-fail|p2a: Volcarona
|move|p1b: Samurott|Night Slash|p2b: Tyranitar
|-resisted|p2b: Tyranitar|1
|-damage|p2b: Tyranitar|74/100
|
|-weather|Sandstorm|[upkeep]
|-damage|p2a: Volcarona|79/100|[from] Sandstorm
|-damage|p1a: Whimsicott|88/100|[from] Sandstorm
|-damage|p1b: Samurott|75/100|[from] Sandstorm
|upkeep
|turn|5
|
|t:|1778155534
|switch|p2a: Milotic|Milotic, L50, F|31/100
|move|p2b: Tyranitar|Protect|p2b: Tyranitar
|-singleturn|p2b: Tyranitar|Protect
|move|p1a: Whimsicott|Tailwind|p1a: Whimsicott
|-sidestart|p1: LittleGigantVGC|move: Tailwind
|move|p1b: Samurott|Sacred Sword|p2b: Tyranitar
|-activate|p2b: Tyranitar|move: Protect
|
|-weather|none
|-heal|p2a: Milotic|37/100|[from] item: Leftovers
|upkeep
|turn|6
|-message|SDLT2FCO TEP forfeited.
|
|win|LittleGigantVGC
|raw|LittleGigantVGC's rating: 1765 &rarr; <strong>1785</strong><br />(+20 for winning)
|raw|SDLT2FCO TEP's rating: 1764 &rarr; <strong>1744</strong><br />(-20 for losing)
|l|☆SDLT2FCO TEP
|player|p2|
|l|☆LittleGigantVGC
|player|p1|
|l| championstestroom
