|j|☆starlight74
|j|☆Dinkernoodle
|t:|1778519306
|gametype|doubles
|player|p1|starlight74|iono-masters|1727
|player|p2|Dinkernoodle|nessa|1768
|gen|9
|tier|[Gen 9 Champions] VGC 2026 Reg M-A
|rated|
|rule|Species Clause: Limit one of each Pokémon
|rule|Item Clause: Limit 1 of each item
|clearpoke
|poke|p1|Meganium, L50, F, shiny|
|poke|p1|Garchomp, L50, F|
|poke|p1|Farigiraf, L50, F|
|poke|p1|Kingambit, L50, F|
|poke|p1|Aerodactyl, L50, M|
|poke|p1|Sneasler, L50, F|
|poke|p2|Basculegion, L50, M|
|poke|p2|Archaludon, L50, F|
|poke|p2|Pelipper, L50, F|
|poke|p2|Scovillain, L50, M|
|poke|p2|Aerodactyl, L50, M|
|poke|p2|Sneasler, L50, F|
|teampreview|4
|inactive|Battle timer is ON: inactive players will automatically lose when time's up. (requested by Dinkernoodle)
|inactive|starlight74 also wants the timer to be on.
|inactive|starlight74 has 60 seconds left.
|
|t:|1778519345
|teamsize|p1|4
|teamsize|p2|4
|start
|switch|p1a: Kingambit|Kingambit, L50, F|100/100
|switch|p1b: Sneasler|Sneasler, L50, F|100/100
|switch|p2a: Scovillain|Scovillain, L50, M|100/100
|switch|p2b: Basculegion|Basculegion, L50, M|100/100
|turn|1
|j| Vaporeon1021
|j| crescent29
|inactive|Dinkernoodle has 30 seconds left.
|inactive|Dinkernoodle has 20 seconds left.
|inactive|Dinkernoodle has 15 seconds left.
|
|t:|1778519387
|switch|p2b: Archaludon|Archaludon, L50, F|100/100
|switch|p1a: Garchomp|Garchomp, L50, F|100/100
|detailschange|p2a: Scovillain|Scovillain-Mega, L50, M
|-mega|p2a: Scovillain|Scovillain|Scovillainite
|move|p1b: Sneasler|Dire Claw|p2a: Scovillain
|-supereffective|p2a: Scovillain|1
|-damage|p2a: Scovillain|16/100
|-status|p2a: Scovillain|par
|-status|p1b: Sneasler|brn|[from] ability: Spicy Spray|[of] p2a: Scovillain
|move|p2a: Scovillain|Leech Seed|p1b: Sneasler
|-start|p1b: Sneasler|move: Leech Seed
|
|-damage|p1b: Sneasler|87/100 brn|[from] Leech Seed|[of] p2a: Scovillain
|-heal|p2a: Scovillain|27/100 par|[silent]
|-damage|p1b: Sneasler|82/100 brn|[from] brn
|upkeep
|turn|2
|
|t:|1778519407
|move|p2a: Scovillain|Rage Powder|p2a: Scovillain
|-singleturn|p2a: Scovillain|move: Rage Powder
|move|p1b: Sneasler|Dire Claw|p2a: Scovillain
|-supereffective|p2a: Scovillain|1
|-damage|p2a: Scovillain|0 fnt
|faint|p2a: Scovillain
|move|p1a: Garchomp|Stomping Tantrum|p2b: Archaludon
|-supereffective|p2b: Archaludon|1
|-damage|p2b: Archaludon|31/100
|-ability|p2b: Archaludon|Stamina|boost
|-boost|p2b: Archaludon|def|1
|-enditem|p2b: Archaludon|Sitrus Berry|[eat]
|-heal|p2b: Archaludon|56/100|[from] item: Sitrus Berry
|move|p2b: Archaludon|Dragon Pulse|p1a: Garchomp
|-supereffective|p1a: Garchomp|1
|-damage|p1a: Garchomp|18/100
|
|-damage|p1b: Sneasler|76/100 brn|[from] brn
|upkeep
|
|t:|1778519419
|switch|p2a: Basculegion|Basculegion, L50, M|100/100
|turn|3
|
|t:|1778519433
|switch|p1a: Kingambit|Kingambit, L50, F|100/100
|move|p1b: Sneasler|Close Combat|p2b: Archaludon
|-supereffective|p2b: Archaludon|1
|-damage|p2b: Archaludon|24/100
|-unboost|p1b: Sneasler|def|1
|-unboost|p1b: Sneasler|spd|1
|-ability|p2b: Archaludon|Stamina|boost
|-boost|p2b: Archaludon|def|1
|-enditem|p1b: Sneasler|White Herb
|-clearnegativeboost|p1b: Sneasler|[silent]
|move|p2a: Basculegion|Liquidation|p1b: Sneasler
|-damage|p1b: Sneasler|5/100 brn
|move|p2b: Archaludon|Dragon Pulse|p1a: Kingambit
|-resisted|p1a: Kingambit|1
|-damage|p1a: Kingambit|82/100
|
|-damage|p1b: Sneasler|0 fnt|[from] Leech Seed|[of] p2a: Basculegion
|faint|p1b: Sneasler
|upkeep
|
|t:|1778519450
|switch|p1b: Meganium|Meganium, L50, F, shiny|100/100
|turn|4
|
|t:|1778519466
|switch|p2a: Pelipper|Pelipper, L50, F|100/100
|-weather|RainDance|[from] ability: Drizzle|[of] p2a: Pelipper
|detailschange|p1b: Meganium|Meganium-Mega, L50, F, shiny
|-mega|p1b: Meganium|Meganium|Meganiumite
|move|p1b: Meganium|Dazzling Gleam|p2b: Archaludon|[spread] p2a,p2b
|-damage|p2a: Pelipper|41/100
|-damage|p2b: Archaludon|0 fnt
|faint|p2b: Archaludon
|move|p1a: Kingambit|Kowtow Cleave|p2a: Pelipper
|-damage|p2a: Pelipper|0 fnt
|faint|p2a: Pelipper
|
|-weather|RainDance|[upkeep]
|upkeep
|
|t:|1778519476
|switch|p2b: Basculegion|Basculegion, L50, M|100/100
|turn|5
|
|t:|1778519482
|move|p1a: Kingambit|Sucker Punch|p2b: Basculegion
|-supereffective|p2b: Basculegion|1
|-damage|p2b: Basculegion|9/100
|move|p2b: Basculegion|Last Respects|p1b: Meganium
|-damage|p1b: Meganium|8/100
|move|p1b: Meganium|Solar Beam||[still]
|-prepare|p1b: Meganium|Solar Beam
|-activate|p1b: Meganium|ability: Mega Sol
|-anim|p1b: Meganium|Solar Beam|p2b: Basculegion
|-supereffective|p2b: Basculegion|1
|-damage|p2b: Basculegion|0 fnt
|faint|p2b: Basculegion
|
|win|starlight74
|raw|starlight74's rating: 1727 &rarr; <strong>1749</strong><br />(+22 for winning)
|raw|Dinkernoodle's rating: 1768 &rarr; <strong>1746</strong><br />(-22 for losing)
