|j|☆ScribbleScribble
|j|☆pengwin694
|t:|1777578717
|gametype|doubles
|player|p1|ScribbleScribble|mina-lgpe|1795
|player|p2|pengwin694|2|1726
|gen|9
|tier|[Gen 9 Champions] VGC 2026 Reg M-A
|rated|
|rule|Species Clause: Limit one of each Pokémon
|rule|Item Clause: Limit 1 of each item
|clearpoke
|poke|p1|Lopunny, L50, F, shiny|
|poke|p1|Farigiraf, L50, F|
|poke|p1|Heliolisk, L50, M|
|poke|p1|Ceruledge, L50, M|
|poke|p1|Kingambit, L50, F|
|poke|p1|Ninetales-Alola, L50, M|
|poke|p2|Charizard, L50, F|
|poke|p2|Sylveon, L50, M|
|poke|p2|Aerodactyl, L50, M|
|poke|p2|Oranguru, L50, F|
|poke|p2|Heliolisk, L50, M|
|poke|p2|Garchomp, L50, M|
|teampreview|4
|inactive|Battle timer is ON: inactive players will automatically lose when time's up. (requested by ScribbleScribble)
|j| HighstakesCapital
|inactive|pengwin694 has 60 seconds left.
|
|t:|1777578769
|teamsize|p1|4
|teamsize|p2|4
|start
|switch|p1a: Farigiraf|Farigiraf, L50, F|100/100
|switch|p1b: Heliolisk|Heliolisk, L50, M|100/100
|switch|p2a: Aerodactyl|Aerodactyl, L50, M|100/100
|switch|p2b: Garchomp|Garchomp, L50, M|100/100
|-ability|p2a: Aerodactyl|Unnerve
|turn|1
|j| sileshar
|
|t:|1777578791
|move|p1b: Heliolisk|Volt Switch|p2a: Aerodactyl
|-supereffective|p2a: Aerodactyl|1
|-damage|p2a: Aerodactyl|12/100
|
|t:|1777578793
|switch|p1b: Ninetales|Ninetales-Alola, L50, M|100/100|[from] Volt Switch
|-weather|Snowscape|[from] ability: Snow Warning|[of] p1b: Ninetales
|move|p2a: Aerodactyl|Dual Wingbeat|p1a: Farigiraf
|-damage|p1a: Farigiraf|85/100
|-damage|p1a: Farigiraf|70/100
|-hitcount|p1a: Farigiraf|2
|move|p2b: Garchomp|Earthquake|p1b: Ninetales|[spread] p1a,p1b
|-immune|p2a: Aerodactyl
|-damage|p1a: Farigiraf|34/100
|-damage|p1b: Ninetales|57/100
|move|p1a: Farigiraf|Hyper Voice|p2a: Aerodactyl|[spread] p2a,p2b
|-resisted|p2a: Aerodactyl|1
|-damage|p2a: Aerodactyl|0 fnt
|-damage|p2b: Garchomp|68/100
|-enditem|p1a: Farigiraf|Sitrus Berry|[eat]
|-heal|p1a: Farigiraf|59/100|[from] item: Sitrus Berry
|faint|p2a: Aerodactyl
|
|-weather|Snowscape|[upkeep]
|upkeep
|
|t:|1777578810
|switch|p2a: Charizard|Charizard, L50, F|100/100
|turn|2
|
|t:|1777578817
|detailschange|p2a: Charizard|Charizard-Mega-Y, L50, F
|-mega|p2a: Charizard|Charizard|Charizardite Y
|-weather|SunnyDay|[from] ability: Drought|[of] p2a: Charizard
|move|p1b: Ninetales|Protect|p1b: Ninetales
|-singleturn|p1b: Ninetales|Protect
|move|p2b: Garchomp|Earthquake|p1a: Farigiraf|[spread] p1a
|-activate|p1b: Ninetales|move: Protect
|-immune|p2a: Charizard
|-damage|p1a: Farigiraf|23/100
|move|p2a: Charizard|Heat Wave|p1b: Ninetales|[spread] p1a
|-activate|p1b: Ninetales|move: Protect
|-damage|p1a: Farigiraf|0 fnt
|faint|p1a: Farigiraf
|
|-weather|SunnyDay|[upkeep]
|upkeep
|
|t:|1777578829
|switch|p1a: Heliolisk|Heliolisk, L50, M|100/100
|turn|3
|
|t:|1777578841
|switch|p2b: Heliolisk|Heliolisk, L50, M|100/100
|move|p2a: Charizard|Protect|p2a: Charizard
|-singleturn|p2a: Charizard|Protect
|move|p1a: Heliolisk|Thunderbolt|p2a: Charizard
|-activate|p2a: Charizard|move: Protect
|move|p1b: Ninetales|Blizzard|p2a: Charizard|[spread] 
|-activate|p2a: Charizard|move: Protect
|-miss|p1b: Ninetales|p2b: Heliolisk
|
|-weather|SunnyDay|[upkeep]
|-damage|p1a: Heliolisk|87/100|[from] ability: Dry Skin|[of] p1a: Heliolisk
|-damage|p2b: Heliolisk|88/100|[from] ability: Solar Power|[of] p2b: Heliolisk
|upkeep
|turn|4
|
|t:|1777578862
|switch|p2a: Garchomp|Garchomp, L50, M|68/100
|move|p1a: Heliolisk|Thunderbolt|p2a: Garchomp
|-immune|p2a: Garchomp
|move|p2b: Heliolisk|Thunderbolt|p1b: Ninetales
|-damage|p1b: Ninetales|0 fnt
|faint|p1b: Ninetales
|
|-weather|SunnyDay|[upkeep]
|-damage|p1a: Heliolisk|75/100|[from] ability: Dry Skin|[of] p1a: Heliolisk
|-damage|p2b: Heliolisk|76/100|[from] ability: Solar Power|[of] p2b: Heliolisk
|upkeep
|
|t:|1777578864
|switch|p1b: Ceruledge|Ceruledge, L50, M|100/100
|turn|5
|
|t:|1777578876
|move|p1a: Heliolisk|Thunderbolt|p2b: Heliolisk
|-resisted|p2b: Heliolisk|1
|-damage|p2b: Heliolisk|46/100
|move|p2b: Heliolisk|Thunderbolt|p1b: Ceruledge
|-crit|p1b: Ceruledge
|-enditem|p1b: Ceruledge|Focus Sash
|-damage|p1b: Ceruledge|1/100
|move|p2a: Garchomp|Dragon Claw|p1b: Ceruledge
|-damage|p1b: Ceruledge|0 fnt
|faint|p1b: Ceruledge
|
|-weather|SunnyDay|[upkeep]
|-damage|p1a: Heliolisk|62/100|[from] ability: Dry Skin|[of] p1a: Heliolisk
|-damage|p2b: Heliolisk|34/100|[from] ability: Solar Power|[of] p2b: Heliolisk
|upkeep
|turn|6
|-message|ScribbleScribble forfeited.
|
|win|pengwin694
|raw|ScribbleScribble's rating: 1818 &rarr; <strong>1793</strong><br />(-25 for losing)
|raw|pengwin694's rating: 1726 &rarr; <strong>1751</strong><br />(+25 for winning)
|l|☆pengwin694
|player|p2|
