|j|☆luckydfrnt
|j|☆SunFakeout
|t:|1778300991
|gametype|doubles
|player|p1|luckydfrnt|266|1771
|player|p2|SunFakeout|2|1951
|gen|9
|tier|[Gen 9 Champions] VGC 2026 Reg M-A
|rated|
|rule|Species Clause: Limit one of each Pokémon
|rule|Item Clause: Limit 1 of each item
|clearpoke
|poke|p1|Talonflame, L50, M|
|poke|p1|Blastoise, L50, M|
|poke|p1|Politoed, L50, M|
|poke|p1|Archaludon, L50, M|
|poke|p1|Gengar, L50, F|
|poke|p1|Sylveon, L50, F|
|poke|p2|Blastoise, L50, F|
|poke|p2|Kangaskhan, L50, F|
|poke|p2|Farigiraf, L50, M|
|poke|p2|Basculegion, L50, M|
|poke|p2|Torkoal, L50, M|
|poke|p2|Vivillon-Fancy, L50, M|
|teampreview|4
|
|t:|1778301032
|teamsize|p1|4
|teamsize|p2|4
|start
|switch|p1a: Blastoise|Blastoise, L50, M|100/100
|switch|p1b: Sylveon|Sylveon, L50, F|100/100
|switch|p2a: Blastoise|Blastoise, L50, F|100/100
|switch|p2b: Vivillon|Vivillon-Fancy, L50, M|100/100
|turn|1
|
|t:|1778301048
|detailschange|p2a: Blastoise|Blastoise-Mega, L50, F
|-mega|p2a: Blastoise|Blastoise|Blastoisinite
|detailschange|p1a: Blastoise|Blastoise-Mega, L50, M
|-mega|p1a: Blastoise|Blastoise|Blastoisinite
|move|p1b: Sylveon|Detect|p1b: Sylveon
|-singleturn|p1b: Sylveon|Protect
|move|p2a: Blastoise|Fake Out|p1b: Sylveon
|-activate|p1b: Sylveon|move: Protect
|move|p1a: Blastoise|Fake Out|p2b: Vivillon
|-damage|p2b: Vivillon|86/100
|cant|p2b: Vivillon|flinch
|
|upkeep
|turn|2
|j| darkbeam79
|
|t:|1778301068
|move|p2b: Vivillon|Sleep Powder|p1b: Sylveon
|-status|p1b: Sylveon|slp|[from] move: Sleep Powder
|move|p2a: Blastoise|Shell Smash|p2a: Blastoise
|-unboost|p2a: Blastoise|def|1
|-unboost|p2a: Blastoise|spd|1
|-boost|p2a: Blastoise|atk|2
|-boost|p2a: Blastoise|spa|2
|-boost|p2a: Blastoise|spe|2
|move|p1a: Blastoise|Water Spout|p2a: Blastoise|[spread] p2a,p2b
|-resisted|p2a: Blastoise|1
|-crit|p2a: Blastoise
|-crit|p2b: Vivillon
|-damage|p2a: Blastoise|29/100
|-damage|p2b: Vivillon|0 fnt
|faint|p2b: Vivillon
|cant|p1b: Sylveon|slp
|
|upkeep
|
|t:|1778301080
|switch|p2b: Farigiraf|Farigiraf, L50, M|100/100
|turn|3
|
|t:|1778301120
|switch|p1a: Politoed|Politoed, L50, M|100/100
|-weather|RainDance|[from] ability: Drizzle|[of] p1a: Politoed
|move|p2b: Farigiraf|Helping Hand|p2a: Blastoise
|-singleturn|p2a: Blastoise|Helping Hand|[of] p2b: Farigiraf
|cant|p1b: Sylveon|slp
|move|p2a: Blastoise|Dark Pulse|p1a: Politoed
|-damage|p1a: Politoed|0 fnt
|faint|p1a: Politoed
|
|-weather|RainDance|[upkeep]
|upkeep
|
|t:|1778301130
|switch|p1a: Archaludon|Archaludon, L50, M|100/100
|turn|4
|
|t:|1778301153
|move|p2b: Farigiraf|Helping Hand|p2a: Blastoise
|-singleturn|p2a: Blastoise|Helping Hand|[of] p2b: Farigiraf
|move|p2a: Blastoise|Water Spout|p1a: Archaludon|[spread] p1a,p1b
|-resisted|p1a: Archaludon|1
|-damage|p1a: Archaludon|29/100
|-damage|p1b: Sylveon|34/100 slp
|move|p1a: Archaludon|Electro Shot||[still]
|-prepare|p1a: Archaludon|Electro Shot
|-boost|p1a: Archaludon|spa|1
|-anim|p1a: Archaludon|Electro Shot|p2a: Blastoise
|-supereffective|p2a: Blastoise|1
|-damage|p2a: Blastoise|0 fnt
|faint|p2a: Blastoise
|-curestatus|p1b: Sylveon|slp|[msg]
|move|p1b: Sylveon|Hyper Voice|p2b: Farigiraf
|-damage|p2b: Farigiraf|37/100
|-enditem|p2b: Farigiraf|Sitrus Berry|[eat]
|-heal|p2b: Farigiraf|62/100|[from] item: Sitrus Berry
|
|-weather|RainDance|[upkeep]
|upkeep
|
|t:|1778301163
|switch|p2a: Basculegion|Basculegion, L50, M|100/100
|turn|5
|
|t:|1778301180
|move|p1a: Archaludon|Electro Shot||[still]
|-prepare|p1a: Archaludon|Electro Shot
|-boost|p1a: Archaludon|spa|1
|-anim|p1a: Archaludon|Electro Shot|p2a: Basculegion
|-supereffective|p2a: Basculegion|1
|-enditem|p2a: Basculegion|Focus Sash
|-damage|p2a: Basculegion|1/100
|move|p2a: Basculegion|Last Respects|p1b: Sylveon
|-damage|p1b: Sylveon|0 fnt
|faint|p1b: Sylveon
|move|p2b: Farigiraf|Psychic|p1a: Archaludon
|-resisted|p1a: Archaludon|1
|-crit|p1a: Archaludon
|-damage|p1a: Archaludon|0 fnt
|faint|p1a: Archaludon
|
|-weather|RainDance|[upkeep]
|upkeep
|
|t:|1778301189
|switch|p1b: Blastoise|Blastoise-Mega, L50, M|100/100
|turn|6
|inactive|Battle timer is ON: inactive players will automatically lose when time's up. (requested by luckydfrnt)
|
|t:|1778301205
|move|p2a: Basculegion|Last Respects|p1b: Blastoise
|-damage|p1b: Blastoise|8/100
|move|p1b: Blastoise|Water Spout|p2a: Basculegion|[spread] p2a,p2b
|-resisted|p2a: Basculegion|1
|-damage|p2a: Basculegion|0 fnt
|-damage|p2b: Farigiraf|54/100
|faint|p2a: Basculegion
|move|p2b: Farigiraf|Thunderbolt|p1b: Blastoise
|-supereffective|p1b: Blastoise|1
|-damage|p1b: Blastoise|0 fnt
|faint|p1b: Blastoise
|
|win|SunFakeout
|raw|luckydfrnt's rating: 1771 &rarr; <strong>1761</strong><br />(-10 for losing)
|raw|SunFakeout's rating: 1951 &rarr; <strong>1961</strong><br />(+10 for winning)
|l|☆SunFakeout
|player|p2|
|l|☆luckydfrnt
|player|p1|
