|j|‽ChampionsmatchVGC
|j|☆dkapflzksh
|t:|1776827141
|gametype|doubles
|player|p1|ChampionsmatchVGC|gardenia|1680
|player|p2|dkapflzksh|scientist-gen4dp|1698
|gen|9
|tier|[Gen 9 Champions] VGC 2026 Reg M-A
|rated|
|rule|Species Clause: Limit one of each Pokémon
|rule|Item Clause: Limit 1 of each item
|clearpoke
|poke|p1|Basculegion, L50, M, shiny|
|poke|p1|Sableye, L50, F, shiny|
|poke|p1|Sinistcha, L50, shiny|
|poke|p1|Archaludon, L50, M, shiny|
|poke|p1|Aerodactyl, L50, F, shiny|
|poke|p1|Incineroar, L50, M, shiny|
|poke|p2|Basculegion, L50, M, shiny|
|poke|p2|Dragonite, L50, F, shiny|
|poke|p2|Archaludon, L50, M, shiny|
|poke|p2|Pelipper, L50, M, shiny|
|poke|p2|Floette-Eternal, L50, F|
|poke|p2|Talonflame, L50, M, shiny|
|teampreview|4
|
|t:|1776827173
|teamsize|p1|4
|teamsize|p2|4
|start
|switch|p1a: Basculegion|Basculegion, L50, M, shiny|100/100
|switch|p1b: Sableye|Sableye, L50, F, shiny|100/100
|switch|p2a: Pelipper|Pelipper, L50, M, shiny|100/100
|switch|p2b: Basculegion|Basculegion, L50, M, shiny|100/100
|-weather|RainDance|[from] ability: Drizzle|[of] p2a: Pelipper
|turn|1
|
|t:|1776827198
|switch|p2b: Archaludon|Archaludon, L50, M, shiny|100/100
|switch|p1b: Archaludon|Archaludon, L50, M, shiny|100/100
|move|p1a: Basculegion|Flip Turn|p1b: Archaludon
|-resisted|p1b: Archaludon|1
|-damage|p1b: Archaludon|78/100
|-ability|p1b: Archaludon|Stamina|boost
|-boost|p1b: Archaludon|def|1
|
|t:|1776827203
|switch|p1a: Sableye|Sableye, L50, F, shiny|100/100|[from] Flip Turn
|move|p2a: Pelipper|Tailwind|p2a: Pelipper
|-sidestart|p2: dkapflzksh|move: Tailwind
|
|-weather|RainDance|[upkeep]
|-heal|p1b: Archaludon|84/100|[from] item: Leftovers
|upkeep
|turn|2
|
|t:|1776827236
|move|p1a: Sableye|Light Screen|p1a: Sableye
|-sidestart|p1: ChampionsmatchVGC|move: Light Screen
|move|p2a: Pelipper|Weather Ball|p1b: Archaludon
|-resisted|p1b: Archaludon|1
|-damage|p1b: Archaludon|67/100
|-ability|p1b: Archaludon|Stamina|boost
|-boost|p1b: Archaludon|def|1
|move|p2b: Archaludon|Aura Sphere|p1b: Archaludon
|-supereffective|p1b: Archaludon|1
|-damage|p1b: Archaludon|37/100
|-ability|p1b: Archaludon|Stamina|boost
|-boost|p1b: Archaludon|def|1
|move|p1b: Archaludon|Electro Shot||[still]
|-prepare|p1b: Archaludon|Electro Shot
|-boost|p1b: Archaludon|spa|1
|-anim|p1b: Archaludon|Electro Shot|p2a: Pelipper
|-supereffective|p2a: Pelipper|2
|-enditem|p2a: Pelipper|Focus Sash
|-damage|p2a: Pelipper|1/100
|
|-weather|RainDance|[upkeep]
|-heal|p1b: Archaludon|43/100|[from] item: Leftovers
|upkeep
|turn|3
|
|t:|1776827272
|switch|p1a: Sinistcha|Sinistcha, L50, shiny|100/100
|-heal|p1b: Archaludon|68/100|[from] ability: Hospitality|[of] p1a: Sinistcha
|move|p2a: Pelipper|Weather Ball|p1a: Sinistcha
|-resisted|p1a: Sinistcha|1
|-damage|p1a: Sinistcha|82/100
|move|p2b: Archaludon|Electro Shot||[still]
|-prepare|p2b: Archaludon|Electro Shot
|-boost|p2b: Archaludon|spa|1
|-anim|p2b: Archaludon|Electro Shot|p1a: Sinistcha
|-resisted|p1a: Sinistcha|1
|-damage|p1a: Sinistcha|60/100
|move|p1b: Archaludon|Electro Shot||[still]
|-prepare|p1b: Archaludon|Electro Shot
|-boost|p1b: Archaludon|spa|1
|-anim|p1b: Archaludon|Electro Shot|p2b: Archaludon
|-resisted|p2b: Archaludon|1
|-crit|p2b: Archaludon
|-damage|p2b: Archaludon|46/100
|-ability|p2b: Archaludon|Stamina|boost
|-boost|p2b: Archaludon|def|1
|
|-weather|RainDance|[upkeep]
|-heal|p2b: Archaludon|53/100|[from] item: Leftovers
|-heal|p1b: Archaludon|74/100|[from] item: Leftovers
|upkeep
|turn|4
|
|t:|1776827302
|move|p2b: Archaludon|Protect|p2b: Archaludon
|-singleturn|p2b: Archaludon|Protect
|move|p1a: Sinistcha|Rage Powder|p1a: Sinistcha
|-singleturn|p1a: Sinistcha|move: Rage Powder
|move|p2a: Pelipper|Hurricane|p1a: Sinistcha
|-supereffective|p1a: Sinistcha|1
|-damage|p1a: Sinistcha|8/100
|move|p1b: Archaludon|Aura Sphere|p2b: Archaludon
|-activate|p2b: Archaludon|move: Protect
|
|-weather|RainDance|[upkeep]
|-heal|p2b: Archaludon|59/100|[from] item: Leftovers
|-heal|p1b: Archaludon|80/100|[from] item: Leftovers
|-sideend|p2: dkapflzksh|move: Tailwind
|upkeep
|turn|5
|
|t:|1776827337
|switch|p2b: Floette|Floette-Eternal, L50, F|100/100
|move|p2a: Pelipper|Hurricane|p1a: Sinistcha
|-supereffective|p1a: Sinistcha|1
|-damage|p1a: Sinistcha|0 fnt
|faint|p1a: Sinistcha
|move|p1b: Archaludon|Aura Sphere|p2b: Floette
|-resisted|p2b: Floette|1
|-damage|p2b: Floette|80/100
|
|-weather|none
|-heal|p1b: Archaludon|86/100|[from] item: Leftovers
|upkeep
|
|t:|1776827344
|switch|p1a: Sableye|Sableye, L50, F, shiny|100/100
|turn|6
|inactive|Battle timer is ON: inactive players will automatically lose when time's up. (requested by ChampionsmatchVGC)
|
|t:|1776827366
|switch|p2a: Basculegion|Basculegion, L50, M, shiny|100/100
|detailschange|p2b: Floette|Floette-Mega, L50, F
|-mega|p2b: Floette|Floette|Floettite
|-ability|p2b: Floette|Fairy Aura
|move|p1a: Sableye|Quash|p2b: Floette
|-activate|p2b: Floette|move: Quash
|move|p1b: Archaludon|Flash Cannon|p2b: Floette
|-supereffective|p2b: Floette|1
|-damage|p2b: Floette|0 fnt
|faint|p2b: Floette
|
|-heal|p1b: Archaludon|92/100|[from] item: Leftovers
|-sideend|p1: ChampionsmatchVGC|move: Light Screen
|upkeep
|
|t:|1776827390
|switch|p2b: Pelipper|Pelipper, L50, M, shiny|1/100
|-weather|RainDance|[from] ability: Drizzle|[of] p2b: Pelipper
|turn|7
|j| fangni
|
|t:|1776827406
|move|p1a: Sableye|Will-O-Wisp|p2a: Basculegion
|-status|p2a: Basculegion|brn
|move|p2a: Basculegion|Wave Crash|p1a: Sableye
|-damage|p1a: Sableye|32/100
|-damage|p2a: Basculegion|83/100 brn|[from] Recoil
|move|p2b: Pelipper|Weather Ball|p1b: Archaludon
|-resisted|p1b: Archaludon|1
|-damage|p1b: Archaludon|69/100
|-ability|p1b: Archaludon|Stamina|boost
|-boost|p1b: Archaludon|def|1
|move|p1b: Archaludon|Electro Shot||[still]
|-prepare|p1b: Archaludon|Electro Shot
|-boost|p1b: Archaludon|spa|1
|-anim|p1b: Archaludon|Electro Shot|p2b: Pelipper
|-supereffective|p2b: Pelipper|2
|-damage|p2b: Pelipper|0 fnt
|faint|p2b: Pelipper
|
|-weather|RainDance|[upkeep]
|-heal|p1b: Archaludon|75/100|[from] item: Leftovers
|-damage|p2a: Basculegion|76/100 brn|[from] brn
|upkeep
|-message|dkapflzksh forfeited.
|
|win|ChampionsmatchVGC
|raw|ChampionsmatchVGC's rating: 1680 &rarr; <strong>1701</strong><br />(+21 for winning)
|raw|dkapflzksh's rating: 1698 &rarr; <strong>1677</strong><br />(-21 for losing)
