|j|☆everlance
|j|☆charliemander2030
|t:|1777214068
|gametype|doubles
|player|p1|everlance|1|1695
|player|p2|charliemander2030|266|1668
|gen|9
|tier|[Gen 9 Champions] VGC 2026 Reg M-A
|rated|
|rule|Species Clause: Limit one of each Pokémon
|rule|Item Clause: Limit 1 of each item
|clearpoke
|poke|p1|Whimsicott, L50, M|
|poke|p1|Floette-Eternal, L50, F|
|poke|p1|Kingambit, L50, F|
|poke|p1|Garchomp, L50, F|
|poke|p1|Charizard, L50, M|
|poke|p1|Basculegion, L50, M|
|poke|p2|Ceruledge, L50, F|
|poke|p2|Kingambit, L50, M|
|poke|p2|Maushold-Four, L50|
|poke|p2|Froslass, L50, F|
|poke|p2|Rotom-Frost, L50|
|poke|p2|Sableye, L50, F|
|teampreview|4
|inactive|Battle timer is ON: inactive players will automatically lose when time's up. (requested by everlance)
|j| B. Farro
|inactive|everlance has 60 seconds left.
|inactive|charliemander2030 has 60 seconds left.
|
|t:|1777214114
|teamsize|p1|4
|teamsize|p2|4
|start
|switch|p1a: Floette|Floette-Eternal, L50, F|100/100
|switch|p1b: Whimsicott|Whimsicott, L50, M|100/100
|switch|p2a: Maushold|Maushold-Four, L50|100/100
|switch|p2b: Ceruledge|Ceruledge, L50, F|100/100
|turn|1
|
|t:|1777214128
|switch|p1a: Garchomp|Garchomp, L50, F|100/100
|move|p1b: Whimsicott|Protect|p1b: Whimsicott
|-singleturn|p1b: Whimsicott|Protect
|move|p2a: Maushold|Encore|p1b: Whimsicott
|-activate|p1b: Whimsicott|move: Protect
|move|p2b: Ceruledge|Bulk Up|p2b: Ceruledge
|-boost|p2b: Ceruledge|atk|1
|-boost|p2b: Ceruledge|def|1
|
|upkeep
|turn|2
|
|t:|1777214151
|move|p2a: Maushold|Follow Me|p2a: Maushold
|-singleturn|p2a: Maushold|move: Follow Me
|move|p1b: Whimsicott|Encore|p2a: Maushold
|-start|p2a: Maushold|Encore
|move|p1a: Garchomp|Rock Slide|p2b: Ceruledge|[spread] p2a,p2b
|-supereffective|p2b: Ceruledge|1
|-damage|p2a: Maushold|70/100
|-damage|p2b: Ceruledge|73/100
|cant|p2b: Ceruledge|flinch
|
|upkeep
|turn|3
|
|t:|1777214167
|move|p1b: Whimsicott|Protect|p1b: Whimsicott
|-singleturn|p1b: Whimsicott|Protect
|move|p2a: Maushold|Follow Me|p2a: Maushold
|-singleturn|p2a: Maushold|move: Follow Me
|move|p1a: Garchomp|Rock Slide|p2a: Maushold|[spread] p2a,p2b
|-supereffective|p2b: Ceruledge|1
|-damage|p2a: Maushold|42/100
|-damage|p2b: Ceruledge|47/100
|cant|p2b: Ceruledge|flinch
|
|upkeep
|turn|4
|j| Namcan
|inactive|everlance has 30 seconds left.
|
|t:|1777214193
|move|p2a: Maushold|Follow Me|p2a: Maushold
|-singleturn|p2a: Maushold|move: Follow Me
|move|p1b: Whimsicott|Tailwind|p1b: Whimsicott
|-sidestart|p1: everlance|move: Tailwind
|move|p1a: Garchomp|Rock Slide|p2b: Ceruledge|[spread] p2b
|-miss|p1a: Garchomp|p2a: Maushold
|-supereffective|p2b: Ceruledge|1
|-damage|p2b: Ceruledge|20/100y
|move|p2b: Ceruledge|Bitter Blade|p1b: Whimsicott
|-supereffective|p1b: Whimsicott|1
|-enditem|p1b: Whimsicott|Focus Sash
|-damage|p1b: Whimsicott|1/100
|-heal|p2b: Ceruledge|57/100|[from] drain|[of] p1b: Whimsicott
|
|upkeep
|turn|5
|inactive|charliemander2030 has 30 seconds left.
|
|t:|1777214226
|move|p2a: Maushold|Follow Me|p2a: Maushold
|-singleturn|p2a: Maushold|move: Follow Me
|move|p1a: Garchomp|Rock Slide|p2b: Ceruledge|[spread] p2a,p2b
|-supereffective|p2b: Ceruledge|1
|-damage|p2a: Maushold|13/100
|-damage|p2b: Ceruledge|31/100
|move|p1b: Whimsicott|Moonblast|p2a: Maushold
|-damage|p2a: Maushold|0 fnt
|faint|p2a: Maushold
|move|p2b: Ceruledge|Bitter Blade|p1a: Garchomp
|-resisted|p1a: Garchomp|1
|-damage|p1a: Garchomp|63/100
|-heal|p2b: Ceruledge|49/100|[from] drain|[of] p1a: Garchomp
|-damage|p2b: Ceruledge|37/100|[from] ability: Rough Skin|[of] p1a: Garchomp
|
|upkeep
|
|t:|1777214237
|switch|p2a: Froslass|Froslass, L50, F|100/100
|turn|6
|inactive|everlance has 30 seconds left.
|
|t:|1777214268
|detailschange|p2a: Froslass|Froslass-Mega, L50, F
|-mega|p2a: Froslass|Froslass|Froslassite
|-weather|Snowscape|[from] ability: Snow Warning|[of] p2a: Froslass
|move|p1b: Whimsicott|Protect|p1b: Whimsicott
|-singleturn|p1b: Whimsicott|Protect
|move|p2b: Ceruledge|Shadow Sneak|p1b: Whimsicott
|-activate|p1b: Whimsicott|move: Protect
|move|p1a: Garchomp|Rock Slide|p2b: Ceruledge|[spread] p2b
|-miss|p1a: Garchomp|p2a: Froslass
|-supereffective|p2b: Ceruledge|1
|-damage|p2b: Ceruledge|5/100
|move|p2a: Froslass|Aurora Veil|p2a: Froslass
|-sidestart|p2: charliemander2030|move: Aurora Veil
|
|-weather|Snowscape|[upkeep]
|upkeep
|turn|7
|j| RottenPond
|inactive|charliemander2030 has 30 seconds left.
|inactive|everlance has 30 seconds left.
|
|t:|1777214307
|move|p2a: Froslass|Protect|p2a: Froslass
|-singleturn|p2a: Froslass|Protect
|move|p1b: Whimsicott|Encore|p2a: Froslass
|-activate|p2a: Froslass|move: Protect
|move|p2b: Ceruledge|Shadow Sneak|p1b: Whimsicott
|-damage|p1b: Whimsicott|0 fnt
|faint|p1b: Whimsicott
|move|p1a: Garchomp|Rock Slide|p2b: Ceruledge|[spread] p2b
|-activate|p2a: Froslass|move: Protect
|-supereffective|p2b: Ceruledge|1
|-damage|p2b: Ceruledge|0 fnt
|faint|p2b: Ceruledge
|
|-weather|Snowscape|[upkeep]
|-sideend|p1: everlance|move: Tailwind
|upkeep
|
|t:|1777214315
|switch|p1b: Kingambit|Kingambit, L50, F|100/100
|switch|p2b: Kingambit|Kingambit, L50, M|100/100
|turn|8
|
|t:|1777214326
|move|p1b: Kingambit|Sucker Punch|p2a: Froslass
|-supereffective|p2a: Froslass|1
|-damage|p2a: Froslass|40/100
|move|p1a: Garchomp|Rock Slide|p2b: Kingambit|[spread] p2a,p2b
|-supereffective|p2a: Froslass|1
|-resisted|p2b: Kingambit|1
|-damage|p2a: Froslass|10/100
|-damage|p2b: Kingambit|94/100
|cant|p2a: Froslass|flinch
|move|p2b: Kingambit|Low Kick|p1b: Kingambit
|-supereffective|p1b: Kingambit|2
|-enditem|p1b: Kingambit|Chople Berry|[eat]
|-enditem|p1b: Kingambit|Chople Berry|[weaken]
|-damage|p1b: Kingambit|46/100
|
|-weather|Snowscape|[upkeep]
|upkeep
|turn|9
|
|t:|1777214346
|switch|p1a: Floette|Floette-Eternal, L50, F|100/100
|move|p2a: Froslass|Protect|p2a: Froslass
|-singleturn|p2a: Froslass|Protect
|move|p1b: Kingambit|Protect|p1b: Kingambit
|-singleturn|p1b: Kingambit|Protect
|move|p2b: Kingambit|Low Kick|p1b: Kingambit
|-activate|p1b: Kingambit|move: Protect
|
|-weather|Snowscape|[upkeep]
|upkeep
|turn|10
|j| Darrox123
|inactive|everlance has 30 seconds left.
|
|t:|1777214374
|move|p2a: Froslass|Protect||[still]
|-fail|p2a: Froslass
|move|p1a: Floette|Protect|p1a: Floette
|-singleturn|p1a: Floette|Protect
|move|p1b: Kingambit|Sucker Punch||[still]
|-fail|p1b: Kingambit
|move|p2b: Kingambit|Low Kick|p1b: Kingambit
|-supereffective|p1b: Kingambit|2
|-crit|p1b: Kingambit
|-damage|p1b: Kingambit|0 fnt
|faint|p1b: Kingambit
|
|-weather|none
|-sideend|p2: charliemander2030|move: Aurora Veil
|upkeep
|
|t:|1777214383
|switch|p1b: Garchomp|Garchomp, L50, F|63/100
|turn|11
|
|t:|1777214394
|detailschange|p1a: Floette|Floette-Mega, L50, F
|-mega|p1a: Floette|Floette|Floettite
|-ability|p1a: Floette|Fairy Aura
|move|p1b: Garchomp|Stomping Tantrum|p2a: Froslass
|-damage|p2a: Froslass|0 fnt
|faint|p2a: Froslass
|move|p1a: Floette|Light of Ruin|p2b: Kingambit
|-damage|p2b: Kingambit|0 fnt
|faint|p2b: Kingambit
|-damage|p1a: Floette|34/100|[from] Recoil
|
|win|everlance
|raw|everlance's rating: 1695 &rarr; <strong>1713</strong><br />(+18 for winning)
|raw|charliemander2030's rating: 1668 &rarr; <strong>1650</strong><br />(-18 for losing)
|l|☆everlance
|player|p1|
|l| B. Farro
|l| RottenPond
|j| mantyclap
|l| Darrox123
|l| mantyclap
