|j|☆Laxidaze3
|j|☆Sevaunn
|t:|1778441291
|gametype|doubles
|player|p1|Laxidaze3|170|1739
|player|p2|Sevaunn|hilbert|1764
|gen|9
|tier|[Gen 9 Champions] VGC 2026 Reg M-A
|rated|
|rule|Species Clause: Limit one of each Pokémon
|rule|Item Clause: Limit 1 of each item
|clearpoke
|poke|p1|Charizard, L50, F|
|poke|p1|Sneasler, L50, F|
|poke|p1|Whimsicott, L50, F|
|poke|p1|Garchomp, L50, M|
|poke|p1|Kingambit, L50, M|
|poke|p1|Gardevoir, L50, M|
|poke|p2|Rotom-Wash, L50, shiny|
|poke|p2|Gardevoir, L50, F, shiny|
|poke|p2|Pelipper, L50, M, shiny|
|poke|p2|Archaludon, L50, M, shiny|
|poke|p2|Gengar, L50, M, shiny|
|poke|p2|Sneasler, L50, M|
|teampreview|4
|inactive|Battle timer is ON: inactive players will automatically lose when time's up. (requested by Laxidaze3)
|
|t:|1778441319
|teamsize|p1|4
|teamsize|p2|4
|start
|switch|p1a: Whimsicott|Whimsicott, L50, F|100/100
|switch|p1b: Charizard|Charizard, L50, F|100/100
|switch|p2a: DONT SWITCH!|Gengar, L50, M, shiny|100/100
|switch|p2b: NUN2SNEASAT|Sneasler, L50, M|100/100
|turn|1
|inactive|Sevaunn has 30 seconds left.
|inactive|Sevaunn has 20 seconds left.
|
|t:|1778441355
|switch|p1b: Garchomp|Garchomp, L50, M|100/100
|move|p1a: Whimsicott|Tailwind|p1a: Whimsicott
|-sidestart|p1: Laxidaze3|move: Tailwind
|move|p2a: DONT SWITCH!|Icy Wind|p1a: Whimsicott|[spread] p1a,p1b
|-supereffective|p1a: Whimsicott|1
|-crit|p1a: Whimsicott
|-supereffective|p1b: Garchomp|2
|-damage|p1a: Whimsicott|28/100
|-damage|p1b: Garchomp|30/100
|-unboost|p1a: Whimsicott|spe|1
|-unboost|p1b: Garchomp|spe|1
|move|p2b: NUN2SNEASAT|Dire Claw|p1b: Garchomp
|-resisted|p1b: Garchomp|1
|-damage|p1b: Garchomp|9/100
|-damage|p2b: NUN2SNEASAT|87/100|[from] ability: Rough Skin|[of] p1b: Garchomp
|
|upkeep
|turn|2
|inactive|Sevaunn has 30 seconds left.
|inactive|Sevaunn has 20 seconds left.
|inactive|Sevaunn has 15 seconds left.
|
|t:|1778441399
|switch|p2b: NIGEL|Pelipper, L50, M, shiny|100/100
|-weather|RainDance|[from] ability: Drizzle|[of] p2b: NIGEL
|move|p1a: Whimsicott|Moonblast|p2a: DONT SWITCH!
|-resisted|p2a: DONT SWITCH!|1
|-damage|p2a: DONT SWITCH!|71/100
|move|p2a: DONT SWITCH!|Icy Wind|p1a: Whimsicott|[spread] p1a,p1b
|-supereffective|p1a: Whimsicott|1
|-supereffective|p1b: Garchomp|2
|-damage|p1a: Whimsicott|0 fnt
|-damage|p1b: Garchomp|0 fnt
|faint|p1a: Whimsicott
|faint|p1b: Garchomp
|
|-weather|RainDance|[upkeep]
|upkeep
|c|☆Laxidaze3|scarf on Gengar is wild, never would have guessed that
|
|t:|1778441420
|switch|p1a: Charizard|Charizard, L50, F|100/100
|switch|p1b: Kingambit|Kingambit, L50, M|100/100
|turn|3
|inactive|Sevaunn has 30 seconds left.
|
|t:|1778441450
|move|p2b: NIGEL|Protect|p2b: NIGEL
|-singleturn|p2b: NIGEL|Protect
|move|p1a: Charizard|Air Slash|p2b: NIGEL
|-activate|p2b: NIGEL|move: Protect
|move|p2a: DONT SWITCH!|Icy Wind|p1a: Charizard|[spread] p1a
|-miss|p2a: DONT SWITCH!|p1b: Kingambit
|-damage|p1a: Charizard|77/100
|-unboost|p1a: Charizard|spe|1
|move|p1b: Kingambit|Swords Dance|p1b: Kingambit
|-boost|p1b: Kingambit|atk|2
|
|-weather|RainDance|[upkeep]
|upkeep
|turn|4
|inactive|Sevaunn has 30 seconds left.
|
|t:|1778441478
|switch|p2b: NUN2SNEASAT|Sneasler, L50, M|87/100
|move|p1b: Kingambit|Sucker Punch||[still]
|-fail|p1b: Kingambit
|move|p2a: DONT SWITCH!|Icy Wind|p1a: Charizard|[spread] p1a,p1b
|-resisted|p1b: Kingambit|1
|-damage|p1a: Charizard|54/100
|-damage|p1b: Kingambit|92/100
|-unboost|p1a: Charizard|spe|1
|-unboost|p1b: Kingambit|spe|1
|-ability|p1b: Kingambit|Defiant|boost
|-boost|p1b: Kingambit|atk|2
|move|p1a: Charizard|Air Slash|p2b: NUN2SNEASAT
|-supereffective|p2b: NUN2SNEASAT|1
|-damage|p2b: NUN2SNEASAT|0 fnt
|faint|p2b: NUN2SNEASAT
|
|-weather|RainDance|[upkeep]
|-sideend|p1: Laxidaze3|move: Tailwind
|upkeep
|
|t:|1778441490
|switch|p2b: DA BIG GUNS|Archaludon, L50, M, shiny|100/100
|turn|5
|inactive|Laxidaze3 has 30 seconds left.
|
|t:|1778441522
|move|p1a: Charizard|Protect|p1a: Charizard
|-singleturn|p1a: Charizard|Protect
|move|p1b: Kingambit|Protect|p1b: Kingambit
|-singleturn|p1b: Kingambit|Protect
|move|p2a: DONT SWITCH!|Icy Wind|p1a: Charizard|[spread] 
|-activate|p1a: Charizard|move: Protect
|-activate|p1b: Kingambit|move: Protect
|move|p2b: DA BIG GUNS|Electro Shot||[still]
|-prepare|p2b: DA BIG GUNS|Electro Shot
|-boost|p2b: DA BIG GUNS|spa|1
|-anim|p2b: DA BIG GUNS|Electro Shot|p1b: Kingambit
|-activate|p1b: Kingambit|move: Protect
|
|-weather|RainDance|[upkeep]
|upkeep
|turn|6
|
|t:|1778441546
|switch|p2a: NIGEL|Pelipper, L50, M, shiny|100/100
|detailschange|p1a: Charizard|Charizard-Mega-Y, L50, F
|-mega|p1a: Charizard|Charizard|Charizardite Y
|-weather|SunnyDay|[from] ability: Drought|[of] p1a: Charizard
|move|p1b: Kingambit|Sucker Punch|p2b: DA BIG GUNS
|-damage|p2b: DA BIG GUNS|0 fnt
|faint|p2b: DA BIG GUNS
|move|p1a: Charizard|Heat Wave|p2a: NIGEL
|-resisted|p2a: NIGEL|1
|-damage|p2a: NIGEL|30/100
|
|-weather|SunnyDay|[upkeep]
|upkeep
|j| 02xygen_
|c|☆Sevaunn|hey ya gotta try sometimes
|c|☆Sevaunn|gg
|-message|Sevaunn forfeited.
|
|win|Laxidaze3
|raw|Laxidaze3's rating: 1739 &rarr; <strong>1760</strong><br />(+21 for winning)
|raw|Sevaunn's rating: 1764 &rarr; <strong>1743</strong><br />(-21 for losing)
|c|☆Laxidaze3|gg
|l| 02xygen_
|l|☆Laxidaze3
|player|p1|
