|j|☆sjysjy
|j|☆ScribbleScribble
|t:|1776845175
|gametype|doubles
|player|p1|sjysjy|1|1682
|player|p2|ScribbleScribble|mina-lgpe|1627
|gen|9
|tier|[Gen 9 Champions] VGC 2026 Reg M-A
|rated|
|rule|Species Clause: Limit one of each Pokémon
|rule|Item Clause: Limit 1 of each item
|clearpoke
|poke|p1|Blastoise, L50, M|
|poke|p1|Sinistcha-Masterpiece, L50|
|poke|p1|Sableye, L50, F|
|poke|p1|Orthworm, L50, M|
|poke|p1|Farigiraf, L50, M|
|poke|p1|Maushold, L50|
|poke|p2|Meganium, L50, F|
|poke|p2|Sneasler, L50, M|
|poke|p2|Aerodactyl, L50, M|
|poke|p2|Kingambit, L50, M|
|poke|p2|Basculegion, L50, M|
|poke|p2|Farigiraf, L50, F|
|teampreview|4
|inactive|Battle timer is ON: inactive players will automatically lose when time's up. (requested by ScribbleScribble)
|
|t:|1776845202
|teamsize|p1|4
|teamsize|p2|4
|start
|switch|p1a: Sableye|Sableye, L50, F|100/100
|switch|p1b: Orthworm|Orthworm, L50, M|100/100
|switch|p2a: Aerodactyl|Aerodactyl, L50, M|100/100
|switch|p2b: Meganium|Meganium, L50, F|100/100
|-ability|p2a: Aerodactyl|Unnerve
|turn|1
|inactive|ScribbleScribble has 30 seconds left.
|
|t:|1776845233
|switch|p2a: Farigiraf|Farigiraf, L50, F|100/100
|detailschange|p2b: Meganium|Meganium-Mega, L50, F
|-mega|p2b: Meganium|Meganium|Meganiumite
|move|p1a: Sableye|Fake Out||[still]
|cant|p2a: Farigiraf|ability: Armor Tail|Fake Out|[of] p1a: Sableye
|move|p2b: Meganium|Weather Ball|p1b: Orthworm
|-supereffective|p1b: Orthworm|1
|-crit|p1b: Orthworm
|-damage|p1b: Orthworm|0 fnt
|faint|p1b: Orthworm
|
|upkeep
|
|t:|1776845243
|switch|p1b: Blastoise|Blastoise, L50, M|100/100
|turn|2
|inactive|ScribbleScribble has 30 seconds left.
|inactive|ScribbleScribble has 20 seconds left.
|inactive|ScribbleScribble has 15 seconds left.
|inactive|sjysjy has 30 seconds left.
|
|t:|1776845298
|switch|p1a: Sinistcha|Sinistcha-Masterpiece, L50|100/100
|move|p2a: Farigiraf|Helping Hand|p2b: Meganium
|-singleturn|p2b: Meganium|Helping Hand|[of] p2a: Farigiraf
|move|p1b: Blastoise|Protect|p1b: Blastoise
|-singleturn|p1b: Blastoise|Protect
|move|p2b: Meganium|Solar Beam||[still]
|-prepare|p2b: Meganium|Solar Beam
|-activate|p2b: Meganium|ability: Mega Sol
|-anim|p2b: Meganium|Solar Beam|p1b: Blastoise
|-activate|p1b: Blastoise|move: Protect
|
|upkeep
|turn|3
|inactive|ScribbleScribble has 30 seconds left.
|inactive|sjysjy has 30 seconds left.
|
|t:|1776845331
|move|p1a: Sinistcha|Protect|p1a: Sinistcha
|-singleturn|p1a: Sinistcha|Protect
|move|p1b: Blastoise|Shell Smash|p1b: Blastoise
|-unboost|p1b: Blastoise|def|1
|-unboost|p1b: Blastoise|spd|1
|-boost|p1b: Blastoise|atk|2
|-boost|p1b: Blastoise|spa|2
|-boost|p1b: Blastoise|spe|2
|move|p2b: Meganium|Weather Ball|p1a: Sinistcha
|-activate|p1a: Sinistcha|move: Protect
|move|p2a: Farigiraf|Hyper Voice|p1a: Sinistcha|[spread] p1b
|-activate|p1a: Sinistcha|move: Protect
|-damage|p1b: Blastoise|60/100
|
|upkeep
|turn|4
|inactive|ScribbleScribble has 30 seconds left.
|inactive|ScribbleScribble has 20 seconds left.
|inactive|ScribbleScribble has 15 seconds left.
|
|t:|1776845371
|detailschange|p1b: Blastoise|Blastoise-Mega, L50, M
|-mega|p1b: Blastoise|Blastoise|Blastoisinite
|move|p2a: Farigiraf|Helping Hand|p2b: Meganium
|-singleturn|p2b: Meganium|Helping Hand|[of] p2a: Farigiraf
|move|p1b: Blastoise|Ice Beam|p2b: Meganium
|-supereffective|p2b: Meganium|1
|-damage|p2b: Meganium|0 fnt
|faint|p2b: Meganium
|move|p1a: Sinistcha|Life Dew||[still]|[spread] p1a,p1b
|-fail|p1a: Sinistcha|heal
|-heal|p1b: Blastoise|86/100
|
|upkeep
|
|t:|1776845378
|switch|p2b: Sneasler|Sneasler, L50, M|100/100
|turn|5
|
|t:|1776845385
|switch|p1a: Sableye|Sableye, L50, F|100/100
|move|p1b: Blastoise|Protect|p1b: Blastoise
|-singleturn|p1b: Blastoise|Protect
|move|p2b: Sneasler|Fake Out|p1b: Blastoise
|-activate|p1b: Blastoise|move: Protect
|move|p2a: Farigiraf|Trick Room|p2a: Farigiraf
|-fieldstart|move: Trick Room|[of] p2a: Farigiraf
|
|upkeep
|turn|6
|
|t:|1776845406
|switch|p1a: Sinistcha|Sinistcha-Masterpiece, L50|100/100
|-heal|p1b: Blastoise|100/100|[from] ability: Hospitality|[of] p1a: Sinistcha
|move|p1b: Blastoise|Protect||[still]
|-fail|p1b: Blastoise
|move|p2a: Farigiraf|Hyper Voice|p1a: Sinistcha|[spread] p1b
|-immune|p1a: Sinistcha
|-damage|p1b: Blastoise|62/100
|move|p2b: Sneasler|Close Combat|p1b: Blastoise
|-damage|p1b: Blastoise|0 fnt
|-unboost|p2b: Sneasler|def|1
|-unboost|p2b: Sneasler|spd|1
|faint|p1b: Blastoise
|-enditem|p2b: Sneasler|White Herb
|-clearnegativeboost|p2b: Sneasler|[silent]
|
|upkeep
|-message|sjysjy forfeited.
|
|win|ScribbleScribble
|raw|sjysjy's rating: 1682 &rarr; <strong>1659</strong><br />(-23 for losing)
|raw|ScribbleScribble's rating: 1631 &rarr; <strong>1654</strong><br />(+23 for winning)
|l|☆sjysjy
|player|p1|
