|j|☆darthmorton
|j|☆bullgod4ever
|t:|1778603289
|gametype|doubles
|player|p1|darthmorton|dragontamer|1771
|player|p2|bullgod4ever|1|1761
|gen|9
|tier|[Gen 9 Champions] VGC 2026 Reg M-A
|rated|
|rule|Species Clause: Limit one of each Pokémon
|rule|Item Clause: Limit 1 of each item
|clearpoke
|poke|p1|Sneasler, L50, M|
|poke|p1|Sinistcha, L50|
|poke|p1|Incineroar, L50, F|
|poke|p1|Charizard, L50, F|
|poke|p1|Floette-Eternal, L50, F|
|poke|p1|Kingambit, L50, F|
|poke|p2|Charizard, L50, M|
|poke|p2|Garchomp, L50, F|
|poke|p2|Basculegion, L50, M|
|poke|p2|Incineroar, L50, M|
|poke|p2|Scizor, L50, F|
|poke|p2|Whimsicott, L50, M|
|teampreview|4
|inactive|Battle timer is ON: inactive players will automatically lose when time's up. (requested by darthmorton)
|j| NShF
|j| IsGrimsleyIsGay?
|inactive|darthmorton has 60 seconds left.
|inactive|darthmorton has 30 seconds left.
|inactive|darthmorton has 20 seconds left.
|
|t:|1778603364
|teamsize|p1|4
|teamsize|p2|4
|start
|switch|p1a: Kingambit|Kingambit, L50, F|100/100
|switch|p1b: Charizard|Charizard, L50, F|100/100
|switch|p2a: Whimsicott|Whimsicott, L50, M|100/100
|switch|p2b: Charizard|Charizard, L50, M|100/100
|turn|1
|
|t:|1778603382
|switch|p1a: Incineroar|Incineroar, L50, F|100/100
|-ability|p1a: Incineroar|Intimidate|boost
|-unboost|p2a: Whimsicott|atk|1
|-unboost|p2b: Charizard|atk|1
|detailschange|p2b: Charizard|Charizard-Mega-Y, L50, M
|-mega|p2b: Charizard|Charizard|Charizardite Y
|-weather|SunnyDay|[from] ability: Drought|[of] p2b: Charizard
|detailschange|p1b: Charizard|Charizard-Mega-X, L50, F
|-mega|p1b: Charizard|Charizard|Charizardite X
|move|p2a: Whimsicott|Protect|p2a: Whimsicott
|-singleturn|p2a: Whimsicott|Protect
|move|p2b: Charizard|Heat Wave|p1a: Incineroar|[spread] p1a,p1b
|-resisted|p1a: Incineroar|1
|-resisted|p1b: Charizard|2
|-damage|p1a: Incineroar|71/100
|-damage|p1b: Charizard|81/100
|move|p1b: Charizard|Dragon Dance|p1b: Charizard
|-boost|p1b: Charizard|atk|1
|-boost|p1b: Charizard|spe|1
|
|-weather|SunnyDay|[upkeep]
|upkeep
|turn|2
|j| oherrodersir
|inactive|bullgod4ever has 30 seconds left.
|
|t:|1778603415
|move|p1a: Incineroar|Fake Out|p2a: Whimsicott
|-damage|p2a: Whimsicott|83/100
|cant|p2a: Whimsicott|flinch
|move|p1b: Charizard|Flare Blitz|p2b: Charizard
|-resisted|p2b: Charizard|1
|-damage|p2b: Charizard|0 fnt
|faint|p2b: Charizard
|-damage|p1b: Charizard|48/100|[from] Recoil
|
|-weather|SunnyDay|[upkeep]
|upkeep
|j| goofy02
|
|t:|1778603428
|switch|p2b: Garchomp|Garchomp, L50, F|100/100
|turn|3
|inactive|darthmorton has 30 seconds left.
|
|t:|1778603459
|move|p1b: Charizard|Protect|p1b: Charizard
|-singleturn|p1b: Charizard|Protect
|move|p2a: Whimsicott|Tailwind|p2a: Whimsicott
|-sidestart|p2: bullgod4ever|move: Tailwind
|move|p2b: Garchomp|Earthquake|p1b: Charizard|[spread] p2a,p1a
|-activate|p1b: Charizard|move: Protect
|-resisted|p2a: Whimsicott|1
|-supereffective|p1a: Incineroar|1
|-crit|p1a: Incineroar
|-damage|p2a: Whimsicott|52/100
|-damage|p1a: Incineroar|0 fnt
|faint|p1a: Incineroar
|
|-weather|SunnyDay|[upkeep]
|upkeep
|
|t:|1778603475
|switch|p1a: Sneasler|Sneasler, L50, M|100/100
|turn|4
|l| goofy02
|inactive|darthmorton has 30 seconds left.
|
|t:|1778603501
|move|p1a: Sneasler|Fake Out|p2b: Garchomp
|-damage|p2b: Garchomp|85/100
|-damage|p1a: Sneasler|87/100|[from] ability: Rough Skin|[of] p2b: Garchomp
|move|p2a: Whimsicott|Encore|p1b: Charizard
|-start|p1b: Charizard|Encore
|move|p1b: Charizard|Protect|p1b: Charizard
|-singleturn|p1b: Charizard|Protect
|cant|p2b: Garchomp|flinch
|
|-weather|SunnyDay|[upkeep]
|upkeep
|turn|5
|
|t:|1778603522
|move|p2a: Whimsicott|Protect|p2a: Whimsicott
|-singleturn|p2a: Whimsicott|Protect
|move|p1b: Charizard|Protect||[still]
|-fail|p1b: Charizard
|move|p2b: Garchomp|Earthquake|p1b: Charizard|[spread] p1a,p1b
|-activate|p2a: Whimsicott|move: Protect
|-supereffective|p1a: Sneasler|1
|-supereffective|p1b: Charizard|1
|-damage|p1a: Sneasler|0 fnt
|-damage|p1b: Charizard|0 fnt
|faint|p1a: Sneasler
|faint|p1b: Charizard
|
|-weather|none
|upkeep
|
|t:|1778603528
|switch|p1b: Kingambit|Kingambit, L50, F|100/100
|turn|6
|-message|darthmorton forfeited.
|
|win|bullgod4ever
|raw|darthmorton's rating: 1771 &rarr; <strong>1750</strong><br />(-21 for losing)
|raw|bullgod4ever's rating: 1761 &rarr; <strong>1782</strong><br />(+21 for winning)
