|j|‽Spottedwoot
|j|☆luckydfrnt
|t:|1778475871
|gametype|doubles
|player|p1|Spottedwoot|266|1780
|player|p2|luckydfrnt|265|1817
|gen|9
|tier|[Gen 9 Champions] VGC 2026 Reg M-A
|rated|
|rule|Species Clause: Limit one of each Pokémon
|rule|Item Clause: Limit 1 of each item
|clearpoke
|poke|p1|Excadrill, L50, F|
|poke|p1|Milotic, L50, F|
|poke|p1|Whimsicott, L50, F|
|poke|p1|Sneasler, L50, M|
|poke|p1|Meganium, L50, M|
|poke|p1|Aegislash, L50, M|
|poke|p2|Talonflame, L50, F|
|poke|p2|Blastoise, L50, M|
|poke|p2|Politoed, L50, M|
|poke|p2|Archaludon, L50, F|
|poke|p2|Gengar, L50, M|
|poke|p2|Sylveon, L50, M|
|teampreview|4
|
|t:|1778475919
|teamsize|p1|4
|teamsize|p2|4
|start
|switch|p1a: Whimsicott|Whimsicott, L50, F|100/100
|switch|p1b: Sneasler|Sneasler, L50, M|100/100
|switch|p2a: Gengar|Gengar, L50, M|100/100
|switch|p2b: Blastoise|Blastoise, L50, M|100/100
|turn|1
|
|t:|1778475935
|detailschange|p2b: Blastoise|Blastoise-Mega, L50, M
|-mega|p2b: Blastoise|Blastoise|Blastoisinite
|move|p2b: Blastoise|Fake Out|p1a: Whimsicott
|-crit|p1a: Whimsicott
|-damage|p1a: Whimsicott|78/100
|cant|p1a: Whimsicott|flinch
|move|p1b: Sneasler|Close Combat|p2b: Blastoise
|-damage|p2b: Blastoise|44/100
|-unboost|p1b: Sneasler|def|1
|-unboost|p1b: Sneasler|spd|1
|-enditem|p1b: Sneasler|White Herb
|-clearnegativeboost|p1b: Sneasler|[silent]
|move|p2a: Gengar|Trick Room|p2a: Gengar
|-fieldstart|move: Trick Room|[of] p2a: Gengar
|
|upkeep
|turn|2
|inactive|Battle timer is ON: inactive players will automatically lose when time's up. (requested by luckydfrnt)
|
|t:|1778475948
|switch|p2a: Sylveon|Sylveon, L50, M|100/100
|move|p1a: Whimsicott|Encore||[still]
|-fail|p1a: Whimsicott
|move|p2b: Blastoise|Water Spout|p1b: Sneasler|[spread] p1a,p1b
|-resisted|p1a: Whimsicott|1
|-damage|p1a: Whimsicott|54/100
|-damage|p1b: Sneasler|59/100
|move|p1b: Sneasler|Close Combat|p2b: Blastoise
|-damage|p2b: Blastoise|0 fnt
|-unboost|p1b: Sneasler|def|1
|-unboost|p1b: Sneasler|spd|1
|faint|p2b: Blastoise
|
|upkeep
|
|t:|1778475955
|switch|p2b: Gengar|Gengar, L50, M|100/100
|turn|3
|
|t:|1778475962
|switch|p1a: Aegislash|Aegislash, L50, M|100/100
|move|p1b: Sneasler|Protect|p1b: Sneasler
|-singleturn|p1b: Sneasler|Protect
|move|p2a: Sylveon|Hyper Voice|p1b: Sneasler|[spread] p1a
|-activate|p1b: Sneasler|move: Protect
|-resisted|p1a: Aegislash|1
|-damage|p1a: Aegislash|78/100
|move|p2b: Gengar|Sludge Bomb|p1a: Aegislash
|-immune|p1a: Aegislash
|
|upkeep
|turn|4
|
|t:|1778475973
|move|p2a: Sylveon|Hyper Voice|p1a: Aegislash|[spread] p1a,p1b
|-resisted|p1a: Aegislash|1
|-damage|p1a: Aegislash|59/100
|-damage|p1b: Sneasler|0 fnt
|faint|p1b: Sneasler
|-formechange|p1a: Aegislash|Aegislash-Blade|
|move|p1a: Aegislash|Poltergeist|p2b: Gengar|[miss]
|-miss|p1a: Aegislash|p2b: Gengar
|move|p2b: Gengar|Shadow Ball|p1a: Aegislash
|-supereffective|p1a: Aegislash|1
|-damage|p1a: Aegislash|0 fnt
|faint|p1a: Aegislash
|
|upkeep
|
|t:|1778475980
|switch|p1a: Meganium|Meganium, L50, M|100/100
|switch|p1b: Whimsicott|Whimsicott, L50, F|54/100
|turn|5
|
|t:|1778475993
|detailschange|p1a: Meganium|Meganium-Mega, L50, M
|-mega|p1a: Meganium|Meganium|Meganiumite
|move|p1a: Meganium|Protect|p1a: Meganium
|-singleturn|p1a: Meganium|Protect
|move|p1b: Whimsicott|Tailwind|p1b: Whimsicott
|-sidestart|p1: Spottedwoot|move: Tailwind
|move|p2a: Sylveon|Hyper Voice|p1b: Whimsicott|[spread] p1b
|-activate|p1a: Meganium|move: Protect
|-damage|p1b: Whimsicott|0 fnt
|faint|p1b: Whimsicott
|move|p2b: Gengar|Sludge Bomb|p1a: Meganium
|-activate|p1a: Meganium|move: Protect
|
|-fieldend|move: Trick Room
|upkeep
|turn|6
|
|t:|1778476001
|move|p1a: Meganium|Weather Ball|p2b: Gengar
|-damage|p2b: Gengar|20/100y
|move|p2b: Gengar|Sludge Bomb|p1a: Meganium
|-supereffective|p1a: Meganium|2
|-damage|p1a: Meganium|0 fnt
|faint|p1a: Meganium
|
|win|luckydfrnt
|raw|Spottedwoot's rating: 1780 &rarr; <strong>1762</strong><br />(-18 for losing)
|raw|luckydfrnt's rating: 1817 &rarr; <strong>1835</strong><br />(+18 for winning)
