|j|☆Puzzle Assembler
|j|☆ScribbleScribble
|t:|1778425084
|gametype|doubles
|player|p1|Puzzle Assembler|pokekid|1749
|player|p2|ScribbleScribble|mina-lgpe|1847
|gen|9
|tier|[Gen 9 Champions] VGC 2026 Reg M-A
|rated|
|rule|Species Clause: Limit one of each Pokémon
|rule|Item Clause: Limit 1 of each item
|clearpoke
|poke|p1|Tinkaton, L50, F|
|poke|p1|Blastoise, L50, M|
|poke|p1|Sinistcha, L50|
|poke|p1|Gallade, L50, M|
|poke|p1|Pelipper, L50, M|
|poke|p1|Farigiraf, L50, M|
|poke|p2|Lopunny, L50, F, shiny|
|poke|p2|Farigiraf, L50, F|
|poke|p2|Basculegion, L50, M, shiny|
|poke|p2|Ceruledge, L50, F|
|poke|p2|Kingambit, L50, M|
|poke|p2|Ninetales-Alola, L50, F|
|teampreview|4
|inactive|Battle timer is ON: inactive players will automatically lose when time's up. (requested by ScribbleScribble)
|inactive|Puzzle Assembler has 60 seconds left.
|
|t:|1778425117
|teamsize|p1|4
|teamsize|p2|4
|start
|switch|p1a: Tinkaton|Tinkaton, L50, F|100/100
|switch|p1b: Blastoise|Blastoise, L50, M|100/100
|switch|p2a: Farigiraf|Farigiraf, L50, F|100/100
|switch|p2b: Lopunny|Lopunny, L50, F, shiny|100/100
|-ability|p1a: Tinkaton|Mold Breaker
|turn|1
|inactive|Puzzle Assembler has 30 seconds left.
|inactive|ScribbleScribble has 30 seconds left.
|j| jiuhaili
|inactive|ScribbleScribble has 20 seconds left.
|inactive|ScribbleScribble has 15 seconds left.
|inactive|ScribbleScribble has 10 seconds left.
|inactive|ScribbleScribble has 5 seconds left.
|
|t:|1778425172
|switch|p1a: Farigiraf|Farigiraf, L50, M|100/100
|detailschange|p1b: Blastoise|Blastoise-Mega, L50, M
|-mega|p1b: Blastoise|Blastoise|Blastoisinite
|move|p2b: Lopunny|Close Combat|p1a: Farigiraf
|-damage|p1a: Farigiraf|76/100
|-unboost|p2b: Lopunny|def|1
|-unboost|p2b: Lopunny|spd|1
|move|p1b: Blastoise|Shell Smash|p1b: Blastoise
|-unboost|p1b: Blastoise|def|1
|-unboost|p1b: Blastoise|spd|1
|-boost|p1b: Blastoise|atk|2
|-boost|p1b: Blastoise|spa|2
|-boost|p1b: Blastoise|spe|2
|move|p2a: Farigiraf|Hyper Voice|p1b: Blastoise|[spread] p1a,p1b
|-damage|p1a: Farigiraf|48/100
|-damage|p1b: Blastoise|59/100
|
|upkeep
|turn|2
|j| wogusl
|inactive|Puzzle Assembler has 30 seconds left.
|inactive|Puzzle Assembler has 20 seconds left.
|
|t:|1778425211
|detailschange|p2b: Lopunny|Lopunny-Mega, L50, F, shiny
|-mega|p2b: Lopunny|Lopunny|Lopunnite
|move|p1b: Blastoise|Protect|p1b: Blastoise
|-singleturn|p1b: Blastoise|Protect
|move|p2b: Lopunny|Close Combat|p1b: Blastoise
|-activate|p1b: Blastoise|move: Protect
|move|p2a: Farigiraf|Imprison|p2a: Farigiraf
|-start|p2a: Farigiraf|move: Imprison
|move|p1a: Farigiraf|Twin Beam|p2b: Lopunny
|-supereffective|p2b: Lopunny|1
|-crit|p2b: Lopunny
|-damage|p2b: Lopunny|5/100
|-supereffective|p2b: Lopunny|1
|-damage|p2b: Lopunny|0 fnt
|faint|p2b: Lopunny
|-hitcount|p2: Lopunny|2
|
|upkeep
|j| Ponytuils
|
|t:|1778425228
|switch|p2b: Ninetales|Ninetales-Alola, L50, F|100/100
|-weather|Snowscape|[from] ability: Snow Warning|[of] p2b: Ninetales
|turn|3
|
|t:|1778425239
|move|p1a: Farigiraf|Helping Hand|p1b: Blastoise
|-singleturn|p1b: Blastoise|Helping Hand|[of] p1a: Farigiraf
|move|p1b: Blastoise|Water Spout|p2a: Farigiraf|[spread] p2a,p2b
|-damage|p2a: Farigiraf|1/100
|-damage|p2b: Ninetales|0 fnt
|faint|p2b: Ninetales
|move|p2a: Farigiraf|Psychic|p1b: Blastoise
|-damage|p1b: Blastoise|2/100
|
|-weather|Snowscape|[upkeep]
|upkeep
|
|t:|1778425242
|switch|p2b: Ceruledge|Ceruledge, L50, F|100/100
|turn|4
|
|t:|1778425260
|move|p1b: Blastoise|Dark Pulse|p2b: Ceruledge
|-supereffective|p2b: Ceruledge|1
|-enditem|p2b: Ceruledge|Focus Sash
|-damage|p2b: Ceruledge|1/100
|move|p2b: Ceruledge|Bitter Blade|p1b: Blastoise
|-resisted|p1b: Blastoise|1
|-damage|p1b: Blastoise|0 fnt
|-heal|p2b: Ceruledge|2/100|[from] drain|[of] p1b: Blastoise
|faint|p1b: Blastoise
|move|p2a: Farigiraf|Hyper Voice|p1a: Farigiraf
|-damage|p1a: Farigiraf|11/100
|move|p1a: Farigiraf|Twin Beam|p2b: Ceruledge
|-damage|p2b: Ceruledge|0 fnt
|faint|p2b: Ceruledge
|-hitcount|p2: Ceruledge|1
|
|-weather|Snowscape|[upkeep]
|upkeep
|
|t:|1778425272
|switch|p1b: Tinkaton|Tinkaton, L50, F|100/100
|-ability|p1b: Tinkaton|Mold Breaker
|turn|5
|c|☆Puzzle Assembler|gg
|
|t:|1778425286
|move|p1b: Tinkaton|Fake Out|p2a: Farigiraf
|-damage|p2a: Farigiraf|0 fnt
|faint|p2a: Farigiraf
|
|win|Puzzle Assembler
|raw|Puzzle Assembler's rating: 1749 &rarr; <strong>1773</strong><br />(+24 for winning)
|raw|ScribbleScribble's rating: 1824 &rarr; <strong>1800</strong><br />(-24 for losing)
