|j|☆PikaTROD
|j|☆Spottedwoot
|t:|1778175990
|gametype|doubles
|player|p1|PikaTROD|2|1795
|player|p2|Spottedwoot|169|1726
|gen|9
|tier|[Gen 9 Champions] VGC 2026 Reg M-A
|rated|
|rule|Species Clause: Limit one of each Pokémon
|rule|Item Clause: Limit 1 of each item
|clearpoke
|poke|p1|Glimmora, L50, F|
|poke|p1|Ninetales-Alola, L50, F|
|poke|p1|Corviknight, L50, F|
|poke|p1|Rotom-Wash, L50|
|poke|p1|Garchomp, L50, F|
|poke|p1|Hydreigon, L50, F|
|poke|p2|Excadrill, L50, M|
|poke|p2|Milotic, L50, F|
|poke|p2|Whimsicott, L50, M|
|poke|p2|Sneasler, L50, F|
|poke|p2|Meganium, L50, M|
|poke|p2|Aegislash, L50, F|
|teampreview|4
PikaTROD rejected open team sheets.
|
|t:|1778176032
|teamsize|p1|4
|teamsize|p2|4
|start
|switch|p1a: Ninetales|Ninetales-Alola, L50, F|100/100
|switch|p1b: Garchomp|Garchomp, L50, F|100/100
|switch|p2a: Whimsicott|Whimsicott, L50, M|100/100
|switch|p2b: Meganium|Meganium, L50, M|100/100
|-weather|Snowscape|[from] ability: Snow Warning|[of] p1a: Ninetales
|turn|1
|inactive|Battle timer is ON: inactive players will automatically lose when time's up. (requested by PikaTROD)
|
|t:|1778176048
|switch|p1b: Glimmora|Glimmora, L50, F|100/100
|move|p2a: Whimsicott|Tailwind|p2a: Whimsicott
|-sidestart|p2: Spottedwoot|move: Tailwind
|move|p2b: Meganium|Weather Ball|p1b: Glimmora
|-damage|p1b: Glimmora|63/100
|move|p1a: Ninetales|Blizzard|p2b: Meganium|[spread] p2a,p2b
|-supereffective|p2a: Whimsicott|1
|-supereffective|p2b: Meganium|1
|-enditem|p2a: Whimsicott|Focus Sash
|-damage|p2a: Whimsicott|1/100
|-damage|p2b: Meganium|36/100
|
|-weather|Snowscape|[upkeep]
|upkeep
|turn|2
|inactive|PikaTROD has 30 seconds left.
|inactive|Spottedwoot has 30 seconds left.
|inactive|PikaTROD has 20 seconds left.
|inactive|PikaTROD has 15 seconds left.
|inactive|PikaTROD has 10 seconds left.
|
|t:|1778176095
|detailschange|p2b: Meganium|Meganium-Mega, L50, M
|-mega|p2b: Meganium|Meganium|Meganiumite
|detailschange|p1b: Glimmora|Glimmora-Mega, L50, F
|-mega|p1b: Glimmora|Glimmora|Glimmoranite
|move|p2a: Whimsicott|Moonblast|p1a: Ninetales
|-damage|p1a: Ninetales|60/100
|move|p2b: Meganium|Solar Beam||[still]
|-prepare|p2b: Meganium|Solar Beam
|-activate|p2b: Meganium|ability: Mega Sol
|-anim|p2b: Meganium|Solar Beam|p1a: Ninetales
|-damage|p1a: Ninetales|0 fnt
|faint|p1a: Ninetales
|move|p1b: Glimmora|Sludge Bomb|p2a: Whimsicott
|-supereffective|p2a: Whimsicott|2
|-damage|p2a: Whimsicott|0 fnt
|faint|p2a: Whimsicott
|
|-weather|Snowscape|[upkeep]
|upkeep
|
|t:|1778176111
|switch|p2a: Sneasler|Sneasler, L50, F|100/100
|switch|p1a: Corviknight|Corviknight, L50, F|100/100
|turn|3
|j| nail salon
|
|t:|1778176135
|switch|p1b: Garchomp|Garchomp, L50, F|100/100
|move|p2a: Sneasler|Close Combat|p1b: Garchomp
|-damage|p1b: Garchomp|33/100
|-unboost|p2a: Sneasler|def|1
|-unboost|p2a: Sneasler|spd|1
|-damage|p2a: Sneasler|87/100|[from] ability: Rough Skin|[of] p1b: Garchomp
|-enditem|p2a: Sneasler|White Herb
|-clearnegativeboost|p2a: Sneasler|[silent]
|move|p2b: Meganium|Weather Ball|p1a: Corviknight
|-supereffective|p1a: Corviknight|1
|-damage|p1a: Corviknight|9/100
|move|p1a: Corviknight|Tailwind|p1a: Corviknight
|-sidestart|p1: PikaTROD|move: Tailwind
|
|-weather|Snowscape|[upkeep]
|-heal|p1a: Corviknight|15/100|[from] item: Leftovers
|upkeep
|turn|4
|j| davidauscc
|
|t:|1778176151
|move|p1b: Garchomp|Protect|p1b: Garchomp
|-singleturn|p1b: Garchomp|Protect
|move|p2a: Sneasler|Close Combat|p1b: Garchomp
|-activate|p1b: Garchomp|move: Protect
|move|p2b: Meganium|Weather Ball|p1a: Corviknight
|-supereffective|p1a: Corviknight|1
|-damage|p1a: Corviknight|0 fnt
|faint|p1a: Corviknight
|
|-weather|Snowscape|[upkeep]
|-sideend|p2: Spottedwoot|move: Tailwind
|upkeep
|
|t:|1778176156
|switch|p1a: Glimmora|Glimmora-Mega, L50, F|63/100
|turn|5
|
|t:|1778176166
|move|p2a: Sneasler|Close Combat|p1b: Garchomp
|-damage|p1b: Garchomp|0 fnt
|-unboost|p2a: Sneasler|def|1
|-unboost|p2a: Sneasler|spd|1
|-damage|p2a: Sneasler|75/100|[from] ability: Rough Skin|[of] p1b: Garchomp
|faint|p1b: Garchomp
|move|p1a: Glimmora|Sludge Bomb|p2b: Meganium
|-supereffective|p2b: Meganium|2
|-damage|p2b: Meganium|0 fnt
|faint|p2b: Meganium
|
|-weather|none
|upkeep
|
|t:|1778176169
|switch|p2b: Aegislash|Aegislash, L50, F|100/100
|turn|6
|
|t:|1778176173
|move|p2a: Sneasler|Close Combat|p1a: Glimmora
|-damage|p1a: Glimmora|0 fnt
|-unboost|p2a: Sneasler|def|1
|-unboost|p2a: Sneasler|spd|1
|faint|p1a: Glimmora
|
|win|Spottedwoot
|raw|PikaTROD's rating: 1795 &rarr; <strong>1771</strong><br />(-24 for losing)
|raw|Spottedwoot's rating: 1726 &rarr; <strong>1750</strong><br />(+24 for winning)
