|j|☆goomba number two
|j|☆megagenger2023
|t:|1780608041
|gametype|doubles
|player|p1|goomba number two|barry|1927
|player|p2|megagenger2023|2|1993
|gen|9
|tier|[Gen 9 Champions] VGC 2026 Reg M-A
|rated|
|rule|Species Clause: Limit one of each Pokémon
|rule|Item Clause: Limit 1 of each item
|clearpoke
|poke|p1|Umbreon, L50, M, shiny|
|poke|p1|Sylveon, L50, F, shiny|
|poke|p1|Charizard, L50, M|
|poke|p1|Venusaur, L50, M|
|poke|p1|Basculegion, L50, M|
|poke|p1|Archaludon, L50, M|
|poke|p2|Gengar, L50, F|
|poke|p2|Archaludon, L50, M|
|poke|p2|Politoed, L50, M|
|poke|p2|Incineroar, L50, F|
|poke|p2|Sinistcha-Masterpiece, L50|
|poke|p2|Froslass, L50, F|
|teampreview|4
|
|t:|1780608066
|teamsize|p1|4
|teamsize|p2|4
|start
|switch|p1a: Umbreon|Umbreon, L50, M, shiny|100/100
|switch|p1b: Basculegion|Basculegion, L50, M|100/100
|switch|p2a: Gengar|Gengar, L50, F|100/100
|switch|p2b: Incineroar|Incineroar, L50, F|100/100
|-ability|p2b: Incineroar|Intimidate|boost
|-fail|p1a: Umbreon|unboost|Attack|[from] ability: Inner Focus|[of] p1a: Umbreon
|-unboost|p1b: Basculegion|atk|1
|turn|1
|inactive|Battle timer is ON: inactive players will automatically lose when time's up. (requested by megagenger2023)
|
|t:|1780608079
|switch|p2b: Archaludon|Archaludon, L50, M|100/100
|detailschange|p2a: Gengar|Gengar-Mega, L50, F
|-mega|p2a: Gengar|Gengar|Gengarite
|move|p2a: Gengar|Protect|p2a: Gengar
|-singleturn|p2a: Gengar|Protect
|move|p1b: Basculegion|Protect|p1b: Basculegion
|-singleturn|p1b: Basculegion|Protect
|move|p1a: Umbreon|Foul Play|p2a: Gengar
|-activate|p2a: Gengar|move: Protect
|
|upkeep
|turn|2
|
|t:|1780608097
|switch|p2b: Incineroar|Incineroar, L50, F|100/100
|-ability|p2b: Incineroar|Intimidate|boost
|-fail|p1a: Umbreon|unboost|Attack|[from] ability: Inner Focus|[of] p1a: Umbreon
|-unboost|p1b: Basculegion|atk|1
|switch|p1b: Sylveon|Sylveon, L50, F, shiny|100/100
|move|p2a: Gengar|Perish Song|p2a: Gengar
|-start|p1a: Umbreon|perish3|[silent]
|-start|p1b: Sylveon|perish3|[silent]
|-start|p2a: Gengar|perish3|[silent]
|-start|p2b: Incineroar|perish3|[silent]
|-fieldactivate|move: Perish Song
|move|p1a: Umbreon|Yawn|p2b: Incineroar
|-start|p2b: Incineroar|move: Yawn|[of] p1a: Umbreon
|
|-start|p2a: Gengar|perish3
|-start|p1b: Sylveon|perish3
|-start|p1a: Umbreon|perish3
|-start|p2b: Incineroar|perish3
|upkeep
|turn|3
|inactive|megagenger2023 has 30 seconds left.
|
|t:|1780608125
|move|p2a: Gengar|Protect|p2a: Gengar
|-singleturn|p2a: Gengar|Protect
|move|p1a: Umbreon|Foul Play|p2a: Gengar
|-activate|p2a: Gengar|move: Protect
|move|p2b: Incineroar|Parting Shot|p1b: Sylveon
|-unboost|p1b: Sylveon|atk|1
|-unboost|p1b: Sylveon|spa|1
|
|t:|1780608137
|switch|p2b: Archaludon|Archaludon, L50, M|100/100|[from] Parting Shot
|move|p1b: Sylveon|Roar|p2b: Archaludon
|drag|p2b: Politoed|Politoed, L50, M|100/100
|-weather|RainDance|[from] ability: Drizzle|[of] p2b: Politoed
|
|-weather|RainDance|[upkeep]
|-start|p2a: Gengar|perish2
|-start|p1b: Sylveon|perish2
|-start|p1a: Umbreon|perish2
|upkeep
|turn|4
|
|t:|1780608156
|move|p2a: Gengar|Sludge Bomb|p1b: Sylveon
|-supereffective|p1b: Sylveon|1
|-damage|p1b: Sylveon|7/100
|move|p2b: Politoed|Hypnosis|p1b: Sylveon
|-status|p1b: Sylveon|slp|[from] move: Hypnosis
|move|p1a: Umbreon|Foul Play|p2a: Gengar
|-supereffective|p2a: Gengar|1
|-damage|p2a: Gengar|41/100
|cant|p1b: Sylveon|slp
|
|-weather|RainDance|[upkeep]
|-start|p2a: Gengar|perish1
|-start|p1b: Sylveon|perish1
|-start|p1a: Umbreon|perish1
|upkeep
|turn|5
|
|t:|1780608172
|switch|p2a: Archaludon|Archaludon, L50, M|100/100
|cant|p1b: Sylveon|slp
|move|p2b: Politoed|Hypnosis|p1a: Umbreon|[miss]
|-miss|p2b: Politoed|p1a: Umbreon
|move|p1a: Umbreon|Yawn|p2a: Archaludon
|-start|p2a: Archaludon|move: Yawn|[of] p1a: Umbreon
|
|-weather|RainDance|[upkeep]
|-start|p1b: Sylveon|perish0
|-start|p1a: Umbreon|perish0
|upkeep
|faint|p1b: Sylveon
|faint|p1a: Umbreon
|
|t:|1780608177
|switch|p1b: Basculegion|Basculegion, L50, M|100/100
|switch|p1a: Charizard|Charizard, L50, M|100/100
|turn|6
|
|t:|1780608199
|switch|p2a: Incineroar|Incineroar, L50, F|100/100
|-ability|p2a: Incineroar|Intimidate|boost
|-unboost|p1a: Charizard|atk|1
|-unboost|p1b: Basculegion|atk|1
|move|p1a: Charizard|Ancient Power|p2a: Incineroar
|-supereffective|p2a: Incineroar|1
|-damage|p2a: Incineroar|75/100
|move|p1b: Basculegion|Last Respects|p2b: Politoed
|-damage|p2b: Politoed|42/100
|-enditem|p2b: Politoed|Sitrus Berry|[eat]
|-heal|p2b: Politoed|67/100|[from] item: Sitrus Berry
|move|p2b: Politoed|Perish Song|p2b: Politoed
|-start|p1a: Charizard|perish3|[silent]
|-start|p1b: Basculegion|perish3|[silent]
|-start|p2a: Incineroar|perish3|[silent]
|-start|p2b: Politoed|perish3|[silent]
|-fieldactivate|move: Perish Song
|
|-weather|RainDance|[upkeep]
|-start|p1a: Charizard|perish3
|-start|p1b: Basculegion|perish3
|-start|p2b: Politoed|perish3
|-start|p2a: Incineroar|perish3
|upkeep
|turn|7
|-message|goomba number two forfeited.
|
|win|megagenger2023
|raw|goomba number two's rating: 1927 &rarr; <strong>1911</strong><br />(-16 for losing)
|raw|megagenger2023's rating: 1993 &rarr; <strong>2009</strong><br />(+16 for winning)
|l|☆goomba number two
|player|p1|
|l|☆megagenger2023
|player|p2|
