|j|☆agent aquato
|j|☆Music Television
|t:|1777999834
|gametype|doubles
|player|p1|agent aquato|170|1783
|player|p2|Music Television|265|1796
|gen|9
|tier|[Gen 9 Champions] VGC 2026 Reg M-A
|rated|
|rule|Species Clause: Limit one of each Pokémon
|rule|Item Clause: Limit 1 of each item
|clearpoke
|poke|p1|Excadrill, L50, F, shiny|
|poke|p1|Rotom-Wash, L50, shiny|
|poke|p1|Tyranitar, L50, M, shiny|
|poke|p1|Hydreigon, L50, F, shiny|
|poke|p1|Corviknight, L50, F, shiny|
|poke|p1|Aegislash, L50, F, shiny|
|poke|p2|Gengar, L50, F|
|poke|p2|Politoed, L50, M|
|poke|p2|Incineroar, L50, M|
|poke|p2|Tinkaton, L50, F|
|poke|p2|Altaria, L50, M|
|poke|p2|Blastoise, L50, F|
|teampreview|4
|
|t:|1777999876
|teamsize|p1|4
|teamsize|p2|4
|start
|switch|p1a: Rotom|Rotom-Wash, L50, shiny|100/100
|switch|p1b: Aegislash|Aegislash, L50, F, shiny|100/100
|switch|p2a: Gengar|Gengar, L50, F|100/100
|switch|p2b: Incineroar|Incineroar, L50, M|100/100
|-ability|p2b: Incineroar|Intimidate|boost
|-unboost|p1a: Rotom|atk|1
|-unboost|p1b: Aegislash|atk|1
|turn|1
|j| kjhgyygkklloo
|
|t:|1777999911
|detailschange|p2a: Gengar|Gengar-Mega, L50, F
|-mega|p2a: Gengar|Gengar|Gengarite
|move|p2a: Gengar|Protect|p2a: Gengar
|-singleturn|p2a: Gengar|Protect
|move|p2b: Incineroar|Protect|p2b: Incineroar
|-singleturn|p2b: Incineroar|Protect
|move|p1a: Rotom|Hydro Pump|p2b: Incineroar
|-activate|p2b: Incineroar|move: Protect
|-formechange|p1b: Aegislash|Aegislash-Blade|
|move|p1b: Aegislash|Iron Head|p2a: Gengar
|-activate|p2a: Gengar|move: Protect
|
|upkeep
|turn|2
|c|☆Music Television|Huh I cant select the move for my 2nd mon lol
|c|☆agent aquato|wut
|c|☆Music Television|Only letting me pick Gengars rofl
|c|☆agent aquato|crazy
|c|☆Music Television|Okay no wait now were good
|
|t:|1777999985
|switch|p1b: Tyranitar|Tyranitar, L50, M, shiny|100/100
|-weather|Sandstorm|[from] ability: Sand Stream|[of] p1b: Tyranitar
|move|p2a: Gengar|Shadow Ball|p1b: Tyranitar
|-resisted|p1b: Tyranitar|1
|-damage|p1b: Tyranitar|88/100
|-unboost|p1b: Tyranitar|spd|1
|move|p1a: Rotom|Thunderbolt|p2a: Gengar
|-damage|p2a: Gengar|64/100
|move|p2b: Incineroar|Parting Shot|p1a: Rotom
|-unboost|p1a: Rotom|atk|1
|-unboost|p1a: Rotom|spa|1
|j| 67sigmagrindset
|
|t:|1778000010
|switch|p2b: Tinkaton|Tinkaton, L50, F|100/100|[from] Parting Shot
|-ability|p2b: Tinkaton|Mold Breaker
|
|-weather|Sandstorm|[upkeep]
|-damage|p2a: Gengar|58/100|[from] Sandstorm
|-damage|p1a: Rotom|94/100|[from] Sandstorm
|upkeep
|turn|3
|
|t:|1778000030
|detailschange|p1b: Tyranitar|Tyranitar-Mega, L50, M, shiny
|-mega|p1b: Tyranitar|Tyranitar|Tyranitarite
|move|p2a: Gengar|Protect|p2a: Gengar
|-singleturn|p2a: Gengar|Protect
|move|p2b: Tinkaton|Gigaton Hammer|p1b: Tyranitar
|-supereffective|p1b: Tyranitar|1
|-damage|p1b: Tyranitar|32/100
|move|p1a: Rotom|Will-O-Wisp|p2b: Tinkaton
|-status|p2b: Tinkaton|brn
|move|p1b: Tyranitar|Knock Off|p2a: Gengar
|-activate|p2a: Gengar|move: Protect
|
|-weather|Sandstorm|[upkeep]
|-damage|p2a: Gengar|52/100|[from] Sandstorm
|-damage|p1a: Rotom|88/100|[from] Sandstorm
|-damage|p2b: Tinkaton|93/100 brn|[from] brn
|upkeep
|turn|4
|
|t:|1778000062
|switch|p2a: Incineroar|Incineroar, L50, M|100/100
|-ability|p2a: Incineroar|Intimidate|boost
|-unboost|p1a: Rotom|atk|1
|-unboost|p1b: Tyranitar|atk|1
|move|p1b: Tyranitar|Protect|p1b: Tyranitar
|-singleturn|p1b: Tyranitar|Protect
|move|p2b: Tinkaton|Encore|p1a: Rotom
|-start|p1a: Rotom|Encore
|move|p1a: Rotom|Will-O-Wisp|p2b: Tinkaton
|-fail|p2b: Tinkaton|brn
|
|-weather|Sandstorm|[upkeep]
|-damage|p1a: Rotom|82/100|[from] Sandstorm
|-damage|p2a: Incineroar|94/100|[from] Sandstorm
|-damage|p2b: Tinkaton|87/100 brn|[from] brn
|upkeep
|turn|5
|
|t:|1778000083
|switch|p2b: Gengar|Gengar-Mega, L50, F|52/100
|switch|p1a: Excadrill|Excadrill, L50, F, shiny|100/100
|switch|p1b: Aegislash|Aegislash, L50, F, shiny|100/100
|move|p2a: Incineroar|Parting Shot|p1a: Excadrill
|-unboost|p1a: Excadrill|atk|1
|-unboost|p1a: Excadrill|spa|1
|
|t:|1778000097
|switch|p2a: Politoed|Politoed, L50, M|100/100|[from] Parting Shot
|-weather|RainDance|[from] ability: Drizzle|[of] p2a: Politoed
|
|-weather|RainDance|[upkeep]
|upkeep
|turn|6
|
|t:|1778000131
|move|p2b: Gengar|Protect|p2b: Gengar
|-singleturn|p2b: Gengar|Protect
|move|p1a: Excadrill|Protect|p1a: Excadrill
|-singleturn|p1a: Excadrill|Protect
|move|p2a: Politoed|Protect|p2a: Politoed
|-singleturn|p2a: Politoed|Protect
|-formechange|p1b: Aegislash|Aegislash-Blade|
|move|p1b: Aegislash|Iron Head|p2b: Gengar
|-activate|p2b: Gengar|move: Protect
|
|-weather|RainDance|[upkeep]
|upkeep
|turn|7
|
|t:|1778000167
|switch|p2b: Incineroar|Incineroar, L50, M|94/100
|-ability|p2b: Incineroar|Intimidate|boost
|-unboost|p1a: Excadrill|atk|1
|-unboost|p1b: Aegislash|atk|1
|switch|p1b: Tyranitar|Tyranitar-Mega, L50, M, shiny|32/100
|-weather|Sandstorm|[from] ability: Sand Stream|[of] p1b: Tyranitar
|move|p1a: Excadrill|Rock Slide|p2a: Politoed|[spread] p2a,p2b
|-supereffective|p2b: Incineroar|1
|-damage|p2a: Politoed|90/100
|-damage|p2b: Incineroar|77/100
|move|p2a: Politoed|Perish Song|p2a: Politoed
|-start|p1a: Excadrill|perish3|[silent]
|-start|p1b: Tyranitar|perish3|[silent]
|-start|p2a: Politoed|perish3|[silent]
|-start|p2b: Incineroar|perish3|[silent]
|-fieldactivate|move: Perish Song
|
|-weather|Sandstorm|[upkeep]
|-damage|p2a: Politoed|84/100|[from] Sandstorm
|-damage|p2b: Incineroar|71/100|[from] Sandstorm
|-start|p1a: Excadrill|perish3
|-start|p1b: Tyranitar|perish3
|-start|p2a: Politoed|perish3
|-start|p2b: Incineroar|perish3
|upkeep
|turn|8
|
|t:|1778000202
|switch|p1a: Rotom|Rotom-Wash, L50, shiny|82/100
|switch|p2b: Tinkaton|Tinkaton, L50, F|87/100 brn
|-ability|p2b: Tinkaton|Mold Breaker
|move|p1b: Tyranitar|Rock Slide|p2b: Tinkaton|[spread] p2a,p2b
|-resisted|p2b: Tinkaton|1
|-damage|p2a: Politoed|57/100
|-damage|p2b: Tinkaton|69/100 brn
|move|p2a: Politoed|Weather Ball|p1b: Tyranitar
|-damage|p1b: Tyranitar|24/100
|
|-weather|Sandstorm|[upkeep]
|-damage|p1a: Rotom|76/100|[from] Sandstorm
|-damage|p2a: Politoed|51/100|[from] Sandstorm
|-damage|p2b: Tinkaton|63/100 brn|[from] brn
|-start|p1b: Tyranitar|perish2
|-start|p2a: Politoed|perish2
|upkeep
|turn|9
|
|t:|1778000247
|switch|p2b: Gengar|Gengar-Mega, L50, F|52/100
|switch|p1b: Excadrill|Excadrill, L50, F, shiny|100/100
|move|p1a: Rotom|Thunderbolt|p2a: Politoed
|-supereffective|p2a: Politoed|1
|-damage|p2a: Politoed|0 fnt
|faint|p2a: Politoed
|
|-weather|Sandstorm|[upkeep]
|-damage|p2b: Gengar|46/100|[from] Sandstorm
|-damage|p1a: Rotom|71/100|[from] Sandstorm
|upkeep
|
|t:|1778000259
|switch|p2a: Incineroar|Incineroar, L50, M|71/100
|-ability|p2a: Incineroar|Intimidate|boost
|-unboost|p1a: Rotom|atk|1
|-unboost|p1b: Excadrill|atk|1
|turn|10
|
|t:|1778000281
|move|p2a: Incineroar|Fake Out|p1b: Excadrill
|-resisted|p1b: Excadrill|1
|-damage|p1b: Excadrill|91/100
|cant|p1b: Excadrill|flinch
|move|p2b: Gengar|Perish Song|p2b: Gengar
|-start|p1a: Rotom|perish3|[silent]
|-start|p1b: Excadrill|perish3|[silent]
|-start|p2a: Incineroar|perish3|[silent]
|-start|p2b: Gengar|perish3|[silent]
|-fieldactivate|move: Perish Song
|move|p1a: Rotom|Thunderbolt|p2b: Gengar
|-damage|p2b: Gengar|9/100
|
|-weather|Sandstorm|[upkeep]
|-damage|p2b: Gengar|3/100|[from] Sandstorm
|-damage|p1a: Rotom|65/100|[from] Sandstorm
|-damage|p2a: Incineroar|65/100|[from] Sandstorm
|-start|p1b: Excadrill|perish3
|-start|p2b: Gengar|perish3
|-start|p1a: Rotom|perish3
|-start|p2a: Incineroar|perish3
|upkeep
|turn|11
|
|t:|1778000302
|move|p2b: Gengar|Protect|p2b: Gengar
|-singleturn|p2b: Gengar|Protect
|move|p2a: Incineroar|Protect|p2a: Incineroar
|-singleturn|p2a: Incineroar|Protect
|move|p1b: Excadrill|Earthquake|p2a: Incineroar|[spread] 
|-activate|p2a: Incineroar|move: Protect
|-activate|p2b: Gengar|move: Protect
|-immune|p1a: Rotom|[from] ability: Levitate
|move|p1a: Rotom|Thunderbolt|p2a: Incineroar
|-activate|p2a: Incineroar|move: Protect
|
|-weather|none
|-start|p1b: Excadrill|perish2
|-start|p2b: Gengar|perish2
|-start|p1a: Rotom|perish2
|-start|p2a: Incineroar|perish2
|upkeep
|turn|12
|
|t:|1778000332
|switch|p2b: Tinkaton|Tinkaton, L50, F|63/100 brn
|-ability|p2b: Tinkaton|Mold Breaker
|move|p1b: Excadrill|Earthquake|p2a: Incineroar|[spread] p2a,p2b
|-immune|p1a: Rotom|[from] ability: Levitate
|-supereffective|p2a: Incineroar|1
|-supereffective|p2b: Tinkaton|1
|-enditem|p2b: Tinkaton|Shuca Berry|[eat]
|-enditem|p2b: Tinkaton|Shuca Berry|[weaken]
|-damage|p2a: Incineroar|19/100
|-damage|p2b: Tinkaton|32/100 brn
|move|p1a: Rotom|Hydro Pump|p2a: Incineroar
|-supereffective|p2a: Incineroar|1
|-enditem|p2a: Incineroar|Passho Berry|[eat]
|-enditem|p2a: Incineroar|Passho Berry|[weaken]
|-damage|p2a: Incineroar|0 fnt
|faint|p2a: Incineroar
|
|-damage|p2b: Tinkaton|26/100 brn|[from] brn
|-start|p1b: Excadrill|perish1
|-start|p1a: Rotom|perish1
|upkeep
|
|t:|1778000344
|switch|p2a: Gengar|Gengar-Mega, L50, F|3/100
|turn|13
|
|t:|1778000351
|move|p2a: Gengar|Protect|p2a: Gengar
|-singleturn|p2a: Gengar|Protect
|move|p2b: Tinkaton|Protect|p2b: Tinkaton
|-singleturn|p2b: Tinkaton|Protect
|move|p1b: Excadrill|Earthquake|p2a: Gengar|[spread] 
|-activate|p2a: Gengar|move: Protect
|-activate|p2b: Tinkaton|move: Protect
|-immune|p1a: Rotom|[from] ability: Levitate
|move|p1a: Rotom|Thunderbolt|p2b: Tinkaton
|-activate|p2b: Tinkaton|move: Protect
|
|-damage|p2b: Tinkaton|19/100 brn|[from] brn
|-start|p1b: Excadrill|perish0
|-start|p1a: Rotom|perish0
|faint|p1b: Excadrill
|faint|p1a: Rotom
|upkeep
|
|t:|1778000358
|switch|p1b: Tyranitar|Tyranitar-Mega, L50, M, shiny|24/100
|switch|p1a: Aegislash|Aegislash, L50, F, shiny|100/100
|-weather|Sandstorm|[from] ability: Sand Stream|[of] p1b: Tyranitar
|turn|14
|
|t:|1778000372
|move|p1b: Tyranitar|Protect|p1b: Tyranitar
|-singleturn|p1b: Tyranitar|Protect
|move|p1a: Aegislash|King's Shield|p1a: Aegislash
|-singleturn|p1a: Aegislash|Protect
|move|p2a: Gengar|Disable|p1a: Aegislash
|-start|p1a: Aegislash|Disable|King's Shield
|move|p2b: Tinkaton|Encore|p1a: Aegislash
|-start|p1a: Aegislash|Encore
|
|-weather|Sandstorm|[upkeep]
|-damage|p2a: Gengar|0 fnt|[from] Sandstorm
|faint|p2a: Gengar
|-damage|p2b: Tinkaton|13/100 brn|[from] brn
|upkeep
|turn|15
|
|t:|1778000390
|move|p1b: Tyranitar|Protect||[still]
|-fail|p1b: Tyranitar
|move|p2b: Tinkaton|Gigaton Hammer|p1b: Tyranitar
|-supereffective|p1b: Tyranitar|1
|-damage|p1b: Tyranitar|0 fnt
|faint|p1b: Tyranitar
|-activate|p1a: Aegislash|move: Struggle
|-formechange|p1a: Aegislash|Aegislash-Blade|
|move|p1a: Aegislash|Struggle|p2b: Tinkaton
|-damage|p2b: Tinkaton|0 fnt
|faint|p2b: Tinkaton
|-damage|p1a: Aegislash|75/100|[from] recoil
|
|win|agent aquato
|raw|agent aquato's rating: 1783 &rarr; <strong>1804</strong><br />(+21 for winning)
|raw|Music Television's rating: 1796 &rarr; <strong>1775</strong><br />(-21 for losing)
|c|☆Music Television|Gg
|c|☆agent aquato|gg
|l| 67sigmagrindset
