|j|☆Marspiter
|j|☆Chococroc
|t:|1776962216
|gametype|doubles
|player|p1|Marspiter|steven|1714
|player|p2|Chococroc|pokemaniac|1774
|gen|9
|tier|[Gen 9 Champions] VGC 2026 Reg M-A
|rated|
|rule|Species Clause: Limit one of each Pokémon
|rule|Item Clause: Limit 1 of each item
|clearpoke
|poke|p1|Scizor, L50, F|
|poke|p1|Incineroar, L50, M|
|poke|p1|Basculegion, L50, M|
|poke|p1|Pelipper, L50, F|
|poke|p1|Dragonite, L50, M|
|poke|p1|Archaludon, L50, F|
|poke|p2|Gengar, L50, F|
|poke|p2|Snorlax, L50, F|
|poke|p2|Politoed, L50, F|
|poke|p2|Archaludon, L50, M|
|poke|p2|Whimsicott, L50, F|
|poke|p2|Sneasler, L50, F|
|teampreview|4
|inactive|Battle timer is ON: inactive players will automatically lose when time's up. (requested by Chococroc)
|
|t:|1776962272
|teamsize|p1|4
|teamsize|p2|4
|start
|switch|p1a: Incineroar|Incineroar, L50, M|100/100
|switch|p1b: Basculegion|Basculegion, L50, M|100/100
|switch|p2a: Gengar|Gengar, L50, F|100/100
|switch|p2b: Whimsicott|Whimsicott, L50, F|100/100
|-ability|p1a: Incineroar|Intimidate|boost
|-unboost|p2a: Gengar|atk|1
|-unboost|p2b: Whimsicott|atk|1
|turn|1
|inactive|Marspiter has 30 seconds left.
|
|t:|1776962304
|switch|p2b: Archaludon|Archaludon, L50, M|100/100
|detailschange|p2a: Gengar|Gengar-Mega, L50, F
|-mega|p2a: Gengar|Gengar|Gengarite
|move|p2a: Gengar|Protect|p2a: Gengar
|-singleturn|p2a: Gengar|Protect
|move|p1b: Basculegion|Flip Turn|p2b: Archaludon
|-resisted|p2b: Archaludon|1
|-damage|p2b: Archaludon|87/100
|-ability|p2b: Archaludon|Stamina|boost
|-boost|p2b: Archaludon|def|1
|
|t:|1776962316
|switch|p1b: Archaludon|Archaludon, L50, F|100/100|[from] Flip Turn
|move|p1a: Incineroar|Parting Shot|p2a: Gengar
|-activate|p2a: Gengar|move: Protect
|
|upkeep
|turn|2
|inactive|Chococroc has 30 seconds left.
|
|t:|1776962343
|move|p1b: Archaludon|Protect|p1b: Archaludon
|-singleturn|p1b: Archaludon|Protect
|move|p2b: Archaludon|Protect|p2b: Archaludon
|-singleturn|p2b: Archaludon|Protect
|move|p2a: Gengar|Sludge Bomb|p1a: Incineroar
|-damage|p1a: Incineroar|49/100
|-status|p1a: Incineroar|psn
|-enditem|p1a: Incineroar|Sitrus Berry|[eat]
|-heal|p1a: Incineroar|73/100 psn|[from] item: Sitrus Berry
|move|p1a: Incineroar|Parting Shot|p2b: Archaludon
|-activate|p2b: Archaludon|move: Protect
|
|-damage|p1a: Incineroar|61/100 psn|[from] psn
|upkeep
|turn|3
|inactive|Marspiter has 30 seconds left.
|
|t:|1776962372
|move|p2a: Gengar|Shadow Ball|p1b: Archaludon
|-damage|p1b: Archaludon|42/100
|-ability|p1b: Archaludon|Stamina|boost
|-boost|p1b: Archaludon|def|1
|move|p1b: Archaludon|Aura Sphere|p2b: Archaludon
|-supereffective|p2b: Archaludon|1
|-enditem|p2b: Archaludon|Chople Berry|[eat]
|-enditem|p2b: Archaludon|Chople Berry|[weaken]
|-damage|p2b: Archaludon|52/100
|-ability|p2b: Archaludon|Stamina|boost
|-boost|p2b: Archaludon|def|1
|move|p2b: Archaludon|Draco Meteor|p1b: Archaludon
|-damage|p1b: Archaludon|0 fnt
|-unboost|p2b: Archaludon|spa|2
|faint|p1b: Archaludon
|move|p1a: Incineroar|Parting Shot|p2b: Archaludon
|-unboost|p2b: Archaludon|atk|1
|-unboost|p2b: Archaludon|spa|1
|
|t:|1776962389
|switch|p1a: Basculegion|Basculegion, L50, M|100/100|[from] Parting Shot
|
|upkeep
|
|t:|1776962399
|switch|p1b: Incineroar|Incineroar, L50, M|61/100 psn
|-ability|p1b: Incineroar|Intimidate|boost
|-unboost|p2a: Gengar|atk|1
|-unboost|p2b: Archaludon|atk|1
|turn|4
|
|t:|1776962419
|switch|p2b: Sneasler|Sneasler, L50, F|100/100
|move|p2a: Gengar|Protect|p2a: Gengar
|-singleturn|p2a: Gengar|Protect
|move|p1a: Basculegion|Last Respects|p2a: Gengar
|-activate|p2a: Gengar|move: Protect
|move|p1b: Incineroar|Parting Shot|p2b: Sneasler
|-unboost|p2b: Sneasler|atk|1
|-unboost|p2b: Sneasler|spa|1
|
|t:|1776962429
|switch|p1b: Pelipper|Pelipper, L50, F|100/100|[from] Parting Shot
|-enditem|p2b: Sneasler|White Herb
|-clearnegativeboost|p2b: Sneasler|[silent]
|-weather|RainDance|[from] ability: Drizzle|[of] p1b: Pelipper
|
|-weather|RainDance|[upkeep]
|upkeep
|turn|5
|
|t:|1776962445
|switch|p2a: Whimsicott|Whimsicott, L50, F|100/100
|move|p2b: Sneasler|Fake Out|p1b: Pelipper
|-damage|p1b: Pelipper|83/100
|move|p1a: Basculegion|Last Respects|p2a: Whimsicott
|-damage|p2a: Whimsicott|3/100
|cant|p1b: Pelipper|flinch
|
|-weather|RainDance|[upkeep]
|upkeep
|turn|6
|inactive|Marspiter has 30 seconds left.
|
|t:|1776962474
|move|p2a: Whimsicott|Tailwind|p2a: Whimsicott
|-sidestart|p2: Chococroc|move: Tailwind
|move|p2b: Sneasler|Dire Claw|p1b: Pelipper
|-damage|p1b: Pelipper|36/100
|-status|p1b: Pelipper|psn
|move|p1a: Basculegion|Last Respects|p2b: Sneasler
|-damage|p2b: Sneasler|0 fnt
|faint|p2b: Sneasler
|move|p1b: Pelipper|Tailwind|p1b: Pelipper
|-sidestart|p1: Marspiter|move: Tailwind
|
|-weather|RainDance|[upkeep]
|-damage|p1b: Pelipper|24/100 psn|[from] psn
|upkeep
|j| thatsaltyguy
|
|t:|1776962486
|switch|p2b: Archaludon|Archaludon, L50, M|52/100
|turn|7
|j| nsip
|
|t:|1776962504
|switch|p1a: Incineroar|Incineroar, L50, M|61/100 psn
|-ability|p1a: Incineroar|Intimidate|boost
|-unboost|p2a: Whimsicott|atk|1
|-unboost|p2b: Archaludon|atk|1
|move|p2b: Archaludon|Protect|p2b: Archaludon
|-singleturn|p2b: Archaludon|Protect
|move|p2a: Whimsicott|Moonblast|p1b: Pelipper
|-damage|p1b: Pelipper|0 fnt
|faint|p1b: Pelipper
|
|-weather|RainDance|[upkeep]
|-damage|p1a: Incineroar|49/100 psn|[from] psn
|upkeep
|
|t:|1776962516
|switch|p1b: Basculegion|Basculegion, L50, M|100/100
|turn|8
|inactive|Chococroc has 30 seconds left.
|inactive|Chococroc has 20 seconds left.
|
|t:|1776962553
|move|p2a: Whimsicott|Protect|p2a: Whimsicott
|-singleturn|p2a: Whimsicott|Protect
|move|p2b: Archaludon|Protect|p2b: Archaludon
|-singleturn|p2b: Archaludon|Protect
|move|p1a: Incineroar|Fake Out|p2a: Whimsicott
|-activate|p2a: Whimsicott|move: Protect
|move|p1b: Basculegion|Last Respects|p2b: Archaludon
|-activate|p2b: Archaludon|move: Protect
|
|-weather|none
|-damage|p1a: Incineroar|36/100 psn|[from] psn
|upkeep
|turn|9
|inactive|Marspiter has 30 seconds left.
|
|t:|1776962582
|move|p1b: Basculegion|Last Respects|p2b: Archaludon
|-damage|p2b: Archaludon|0 fnt
|faint|p2b: Archaludon
|move|p2a: Whimsicott|Moonblast|p1a: Incineroar
|-damage|p1a: Incineroar|5/100 psn
|move|p1a: Incineroar|Throat Chop|p2a: Whimsicott
|-resisted|p2a: Whimsicott|1
|-damage|p2a: Whimsicott|0 fnt
|faint|p2a: Whimsicott
|
|-damage|p1a: Incineroar|0 fnt|[from] psn
|faint|p1a: Incineroar
|-sideend|p2: Chococroc|move: Tailwind
|-sideend|p1: Marspiter|move: Tailwind
|upkeep
|
|t:|1776962585
|switch|p2b: Gengar|Gengar-Mega, L50, F|100/100
|turn|10
|
|t:|1776962597
|move|p1b: Basculegion|Last Respects|p2b: Gengar
|-supereffective|p2b: Gengar|1
|-damage|p2b: Gengar|0 fnt
|faint|p2b: Gengar
|
|win|Marspiter
|raw|Marspiter's rating: 1714 &rarr; <strong>1737</strong><br />(+23 for winning)
|raw|Chococroc's rating: 1774 &rarr; <strong>1751</strong><br />(-23 for losing)
|l|☆Chococroc
|player|p2|
|l| thatsaltyguy
|l|☆Marspiter
|player|p1|
