|j|☆gojo satoru saikyo
|j|☆Fuzis
|t:|1779241382
|gametype|doubles
|player|p1|gojo satoru saikyo|1|1862
|player|p2|Fuzis|karen|1955
|gen|9
|tier|[Gen 9 Champions] VGC 2026 Reg M-A
|rated|
|rule|Species Clause: Limit one of each Pokémon
|rule|Item Clause: Limit 1 of each item
|clearpoke
|poke|p1|Whimsicott, L50, M|
|poke|p1|Glimmora, L50, F|
|poke|p1|Floette-Eternal, L50, F|
|poke|p1|Garchomp, L50, M|
|poke|p1|Charizard, L50, F|
|poke|p1|Farigiraf, L50, F|
|poke|p2|Blastoise, L50, M|
|poke|p2|Sinistcha-Masterpiece, L50|
|poke|p2|Vivillon, L50, F|
|poke|p2|Incineroar, L50, M|
|poke|p2|Garchomp, L50, M|
|poke|p2|Floette-Eternal, L50, F|
|teampreview|4
|inactive|Battle timer is ON: inactive players will automatically lose when time's up. (requested by Fuzis)
|
|t:|1779241425
|teamsize|p1|4
|teamsize|p2|4
|start
|switch|p1a: Whimsicott|Whimsicott, L50, M|100/100
|switch|p1b: Floette|Floette-Eternal, L50, F|100/100
|switch|p2a: Blastoise|Blastoise, L50, M|100/100
|switch|p2b: Vivillon|Vivillon, L50, F|100/100
|turn|1
|inactive|Fuzis has 30 seconds left.
|
|t:|1779241457
|switch|p2a: Incineroar|Incineroar, L50, M|100/100
|-ability|p2a: Incineroar|Intimidate|boost
|-block|p1a: Whimsicott|ability: Flower Veil|[of] p1b: Floette
|-unboost|p1b: Floette|atk|1
|move|p1a: Whimsicott|Protect|p1a: Whimsicott
|-singleturn|p1a: Whimsicott|Protect
|move|p1b: Floette|Protect|p1b: Floette
|-singleturn|p1b: Floette|Protect
|move|p2b: Vivillon|Sleep Powder|p1b: Floette
|-activate|p1b: Floette|move: Protect
|
|upkeep
|turn|2
|
|t:|1779241474
|detailschange|p1b: Floette|Floette-Mega, L50, F
|-mega|p1b: Floette|Floette|Floettite
|-ability|p1b: Floette|Fairy Aura
|move|p2a: Incineroar|Fake Out|p1a: Whimsicott
|-damage|p1a: Whimsicott|87/100
|cant|p1a: Whimsicott|flinch
|move|p2b: Vivillon|Sleep Powder|p1b: Floette
|-status|p1b: Floette|slp|[from] move: Sleep Powder
|cant|p1b: Floette|slp
|
|upkeep
|turn|3
|inactive|Fuzis has 30 seconds left.
|
|t:|1779241501
|move|p1a: Whimsicott|Protect|p1a: Whimsicott
|-singleturn|p1a: Whimsicott|Protect
|move|p2b: Vivillon|Hurricane|p1a: Whimsicott
|-activate|p1a: Whimsicott|move: Protect
|-curestatus|p1b: Floette|slp|[msg]
|move|p1b: Floette|Dazzling Gleam|p2a: Incineroar|[spread] p2a,p2b
|-damage|p2a: Incineroar|53/100
|-damage|p2b: Vivillon|7/100
|move|p2a: Incineroar|Flare Blitz|p1a: Whimsicott
|-activate|p1a: Whimsicott|move: Protect
|
|-heal|p2a: Incineroar|59/100|[from] item: Leftovers
|upkeep
|turn|4
|j| Wyuhcd
|
|t:|1779241516
|switch|p2b: Sinistcha|Sinistcha-Masterpiece, L50|100/100
|-heal|p2a: Incineroar|84/100|[from] ability: Hospitality|[of] p2b: Sinistcha
|move|p1a: Whimsicott|Tailwind|p1a: Whimsicott
|-sidestart|p1: gojo satoru saikyo|move: Tailwind
|move|p1b: Floette|Dazzling Gleam|p2b: Sinistcha|[spread] p2a,p2b
|-damage|p2a: Incineroar|36/100
|-damage|p2b: Sinistcha|54/100
|move|p2a: Incineroar|Flare Blitz|p1a: Whimsicott
|-supereffective|p1a: Whimsicott|1
|-damage|p1a: Whimsicott|0 fnt
|faint|p1a: Whimsicott
|-damage|p2a: Incineroar|13/100|[from] Recoil
|
|-heal|p2a: Incineroar|19/100|[from] item: Leftovers
|upkeep
|
|t:|1779241520
|switch|p1a: Glimmora|Glimmora, L50, F|100/100
|turn|5
|
|t:|1779241545
|switch|p2a: Vivillon|Vivillon, L50, F|7/100
|move|p2b: Sinistcha|Protect|p2b: Sinistcha
|-singleturn|p2b: Sinistcha|Protect
|move|p1b: Floette|Dazzling Gleam|p2a: Vivillon|[spread] p2a
|-activate|p2b: Sinistcha|move: Protect
|-damage|p2a: Vivillon|0 fnt
|faint|p2a: Vivillon
|move|p1a: Glimmora|Sludge Bomb|p2b: Sinistcha
|-activate|p2b: Sinistcha|move: Protect
|
|upkeep
|
|t:|1779241558
|switch|p2a: Blastoise|Blastoise, L50, M|100/100
|turn|6
|
|t:|1779241579
|detailschange|p2a: Blastoise|Blastoise-Mega, L50, M
|-mega|p2a: Blastoise|Blastoise|Blastoisinite
|move|p1b: Floette|Moonblast|p2b: Sinistcha
|-damage|p2b: Sinistcha|0 fnt
|faint|p2b: Sinistcha
|move|p1a: Glimmora|Sludge Bomb|p2a: Blastoise
|-damage|p2a: Blastoise|57/100
|move|p2a: Blastoise|Shell Smash|p2a: Blastoise
|-unboost|p2a: Blastoise|def|1
|-unboost|p2a: Blastoise|spd|1
|-boost|p2a: Blastoise|atk|2
|-boost|p2a: Blastoise|spa|2
|-boost|p2a: Blastoise|spe|2
|
|upkeep
|
|t:|1779241593
|switch|p2b: Incineroar|Incineroar, L50, M|19/100
|-ability|p2b: Incineroar|Intimidate|boost
|-unboost|p1a: Glimmora|atk|1
|-unboost|p1b: Floette|atk|1
|turn|7
|
|t:|1779241602
|move|p2a: Blastoise|Protect|p2a: Blastoise
|-singleturn|p2a: Blastoise|Protect
|move|p2b: Incineroar|Fake Out|p1a: Glimmora
|-resisted|p1a: Glimmora|1
|-damage|p1a: Glimmora|93/100
|-activate|p1a: Glimmora|ability: Toxic Debris
|-sidestart|p2: Fuzis|move: Toxic Spikes
|move|p1b: Floette|Dazzling Gleam|p2a: Blastoise|[spread] p2b
|-activate|p2a: Blastoise|move: Protect
|-damage|p2b: Incineroar|0 fnt
|faint|p2b: Incineroar
|cant|p1a: Glimmora|flinch
|
|-sideend|p1: gojo satoru saikyo|move: Tailwind
|upkeep
|turn|8
|
|t:|1779241620
|move|p2a: Blastoise|Water Spout|p1b: Floette|[spread] p1a,p1b
|-supereffective|p1a: Glimmora|1
|-damage|p1a: Glimmora|0 fnt
|-damage|p1b: Floette|40/100
|faint|p1a: Glimmora
|move|p1b: Floette|Moonblast|p2a: Blastoise
|-damage|p2a: Blastoise|0 fnt
|faint|p2a: Blastoise
|
|win|gojo satoru saikyo
|raw|gojo satoru saikyo's rating: 1862 &rarr; <strong>1887</strong><br />(+25 for winning)
|raw|Fuzis's rating: 1955 &rarr; <strong>1930</strong><br />(-25 for losing)
|l|☆Fuzis
|player|p2|
|l|☆gojo satoru saikyo
|player|p1|
