|j|☆KIM ZTMY
|j|☆Krisuerte
|t:|1777036887
|gametype|doubles
|player|p1|KIM ZTMY|169|1657
|player|p2|Krisuerte|101|1656
|gen|9
|tier|[Gen 9 Champions] VGC 2026 Reg M-A
|rated|
|rule|Species Clause: Limit one of each Pokémon
|rule|Item Clause: Limit 1 of each item
|clearpoke
|poke|p1|Sylveon, L50, F|
|poke|p1|Kingambit, L50, F|
|poke|p1|Banette, L50, M|
|poke|p1|Basculegion, L50, M|
|poke|p1|Sneasler, L50, F|
|poke|p1|Aerodactyl, L50, M|
|poke|p2|Tyranitar, L50, M|
|poke|p2|Basculegion, L50, M|
|poke|p2|Excadrill, L50, M|
|poke|p2|Incineroar, L50, M|
|poke|p2|Rotom-Wash, L50|
|poke|p2|Corviknight, L50, F|
|teampreview|4
|
|t:|1777036909
|teamsize|p1|4
|teamsize|p2|4
|start
|switch|p1a: Banette|Banette, L50, M|100/100
|switch|p1b: Basculegion|Basculegion, L50, M|100/100
|switch|p2a: Rotom|Rotom-Wash, L50|100/100
|switch|p2b: Corviknight|Corviknight, L50, F|100/100
|-item|p2a: Rotom|Choice Scarf|[from] ability: Frisk|[of] p1a: Banette
|-item|p2b: Corviknight|Leftovers|[from] ability: Frisk|[of] p1a: Banette
|turn|1
|inactive|Battle timer is ON: inactive players will automatically lose when time's up. (requested by Krisuerte)
|inactive|KIM ZTMY has 60 seconds left.
|j| Alice369
|
|t:|1777036967
|switch|p1b: Kingambit|Kingambit, L50, F|100/100
|detailschange|p1a: Banette|Banette-Mega, L50, M
|-mega|p1a: Banette|Banette|Banettite
|move|p2a: Rotom|Volt Switch|p1b: Kingambit
|-damage|p1b: Kingambit|67/100
|
|t:|1777036978
|switch|p2a: Tyranitar|Tyranitar, L50, M|100/100|[from] Volt Switch
|-weather|Sandstorm|[from] ability: Sand Stream|[of] p2a: Tyranitar
|move|p1a: Banette|Poltergeist|p2b: Corviknight
|-activate|p2b: Corviknight|move: Poltergeist|Leftovers
|-damage|p2b: Corviknight|47/100
|move|p2b: Corviknight|Brave Bird|p1b: Kingambit
|-resisted|p1b: Kingambit|1
|-damage|p1b: Kingambit|52/100
|-damage|p2b: Corviknight|42/100|[from] Recoil
|
|-weather|Sandstorm|[upkeep]
|-damage|p1a: Banette|95/100|[from] Sandstorm
|-heal|p2b: Corviknight|48/100|[from] item: Leftovers
|upkeep
|turn|2
|inactive|KIM ZTMY has 30 seconds left.
|inactive|Krisuerte has 30 seconds left.
|
|t:|1777037011
|switch|p1b: Basculegion|Basculegion, L50, M|100/100
|detailschange|p2a: Tyranitar|Tyranitar-Mega, L50, M
|-mega|p2a: Tyranitar|Tyranitar|Tyranitarite
|move|p1a: Banette|Protect|p1a: Banette
|-singleturn|p1a: Banette|Protect
|move|p2a: Tyranitar|Low Kick|p1b: Basculegion
|-immune|p1b: Basculegion
|move|p2b: Corviknight|Roost|p2b: Corviknight
|-heal|p2b: Corviknight|99/100
|-singleturn|p2b: Corviknight|move: Roost
|
|-weather|Sandstorm|[upkeep]
|-damage|p1b: Basculegion|95/100|[from] Sandstorm
|-damage|p1a: Banette|89/100|[from] Sandstorm
|-heal|p2b: Corviknight|100/100|[from] item: Leftovers
|upkeep
|turn|3
|inactive|Krisuerte has 30 seconds left.
|
|t:|1777037038
|move|p2a: Tyranitar|Protect|p2a: Tyranitar
|-singleturn|p2a: Tyranitar|Protect
|move|p1a: Banette|Encore|p2b: Corviknight
|-start|p2b: Corviknight|Encore
|move|p1b: Basculegion|Wave Crash|p2a: Tyranitar
|-activate|p2a: Tyranitar|move: Protect
|move|p2b: Corviknight|Roost||[still]
|-fail|p2b: Corviknight|heal
|
|-weather|Sandstorm|[upkeep]
|-damage|p1b: Basculegion|89/100|[from] Sandstorm
|-damage|p1a: Banette|83/100|[from] Sandstorm
|upkeep
|turn|4
|inactive|Krisuerte has 30 seconds left.
|inactive|Krisuerte has 20 seconds left.
|
|t:|1777037077
|switch|p2a: Basculegion|Basculegion, L50, M|100/100
|switch|p2b: Rotom|Rotom-Wash, L50|100/100
|move|p1b: Basculegion|Wave Crash|p2a: Basculegion
|-resisted|p2a: Basculegion|1
|-damage|p2a: Basculegion|58/100
|-damage|p1b: Basculegion|74/100|[from] Recoil
|move|p1a: Banette|Poltergeist|p2b: Rotom
|-activate|p2b: Rotom|move: Poltergeist|Choice Scarf
|-damage|p2b: Rotom|0 fnt
|faint|p2b: Rotom
|
|-weather|Sandstorm|[upkeep]
|-damage|p2a: Basculegion|52/100|[from] Sandstorm
|-damage|p1b: Basculegion|68/100|[from] Sandstorm
|-damage|p1a: Banette|77/100|[from] Sandstorm
|upkeep
|
|t:|1777037097
|switch|p2b: Corviknight|Corviknight, L50, F|100/100
|turn|5
|l| Alice369
|
|t:|1777037108
|move|p1a: Banette|Protect|p1a: Banette
|-singleturn|p1a: Banette|Protect
|move|p2a: Basculegion|Protect|p2a: Basculegion
|-singleturn|p2a: Basculegion|Protect
|move|p1b: Basculegion|Last Respects|p2a: Basculegion
|-activate|p2a: Basculegion|move: Protect
|move|p2b: Corviknight|Brave Bird|p1b: Basculegion
|-damage|p1b: Basculegion|34/100
|-enditem|p1b: Basculegion|Sitrus Berry|[eat]
|-heal|p1b: Basculegion|59/100|[from] item: Sitrus Berry
|-damage|p2b: Corviknight|89/100|[from] Recoil
|
|-weather|none
|-heal|p2b: Corviknight|95/100|[from] item: Leftovers
|upkeep
|turn|6
|inactive|Krisuerte has 30 seconds left.
|
|t:|1777037133
|switch|p2a: Tyranitar|Tyranitar-Mega, L50, M|100/100
|-weather|Sandstorm|[from] ability: Sand Stream|[of] p2a: Tyranitar
|move|p1a: Banette|Encore|p2a: Tyranitar
|-hint|Since gen 7, Dark is immune to Prankster moves.
|-immune|p2a: Tyranitar
|move|p1b: Basculegion|Wave Crash|p2a: Tyranitar
|-supereffective|p2a: Tyranitar|1
|-damage|p2a: Tyranitar|5/100
|-damage|p1b: Basculegion|30/100|[from] Recoil
|move|p2b: Corviknight|Brave Bird|p1b: Basculegion
|-damage|p1b: Basculegion|0 fnt
|faint|p1b: Basculegion
|-damage|p2b: Corviknight|85/100|[from] Recoil
|
|-weather|Sandstorm|[upkeep]
|-damage|p1a: Banette|71/100|[from] Sandstorm
|-heal|p2b: Corviknight|91/100|[from] item: Leftovers
|upkeep
|
|t:|1777037152
|switch|p1b: Kingambit|Kingambit, L50, F|52/100
|turn|7
|
|t:|1777037172
|move|p2a: Tyranitar|Protect|p2a: Tyranitar
|-singleturn|p2a: Tyranitar|Protect
|move|p1a: Banette|Disable|p2b: Corviknight
|-start|p2b: Corviknight|Disable|Brave Bird
|move|p1b: Kingambit|Sucker Punch||[still]
|-fail|p1b: Kingambit
|move|p2b: Corviknight|Body Press|p1b: Kingambit
|-supereffective|p1b: Kingambit|2
|-damage|p1b: Kingambit|0 fnt
|faint|p1b: Kingambit
|
|-weather|Sandstorm|[upkeep]
|-damage|p1a: Banette|65/100|[from] Sandstorm
|-heal|p2b: Corviknight|97/100|[from] item: Leftovers
|upkeep
|
|t:|1777037186
|switch|p1b: Sneasler|Sneasler, L50, F|100/100
|turn|8
|
|t:|1777037199
|move|p1a: Banette|Encore|p2b: Corviknight
|-start|p2b: Corviknight|Encore
|move|p1b: Sneasler|Dire Claw|p2a: Tyranitar
|-resisted|p2a: Tyranitar|1
|-damage|p2a: Tyranitar|0 fnt
|faint|p2a: Tyranitar
|move|p2b: Corviknight|Body Press|p1b: Sneasler
|-resisted|p1b: Sneasler|1
|-damage|p1b: Sneasler|84/100
|
|-weather|Sandstorm|[upkeep]
|-damage|p1b: Sneasler|78/100|[from] Sandstorm
|-damage|p1a: Banette|60/100|[from] Sandstorm
|-heal|p2b: Corviknight|100/100|[from] item: Leftovers
|upkeep
|
|t:|1777037213
|switch|p2a: Basculegion|Basculegion, L50, M|52/100
|turn|9
|
|t:|1777037237
|move|p1a: Banette|Protect|p1a: Banette
|-singleturn|p1a: Banette|Protect
|move|p1b: Sneasler|Close Combat|p2b: Corviknight
|-damage|p2b: Corviknight|52/100
|-unboost|p1b: Sneasler|def|1
|-unboost|p1b: Sneasler|spd|1
|move|p2a: Basculegion|Last Respects|p1a: Banette
|-activate|p1a: Banette|move: Protect
|move|p2b: Corviknight|Body Press|p1b: Sneasler
|-resisted|p1b: Sneasler|1
|-damage|p1b: Sneasler|51/100
|
|-weather|Sandstorm|[upkeep]
|-damage|p1b: Sneasler|45/100|[from] Sandstorm
|-damage|p2a: Basculegion|46/100|[from] Sandstorm
|-damage|p1a: Banette|54/100|[from] Sandstorm
|-enditem|p2a: Basculegion|Sitrus Berry|[eat]
|-heal|p2a: Basculegion|71/100|[from] item: Sitrus Berry
|-heal|p2b: Corviknight|58/100|[from] item: Leftovers
|upkeep
|turn|10
|inactive|KIM ZTMY has 30 seconds left.
|inactive|Krisuerte has 30 seconds left.
|
|t:|1777037270
|move|p1b: Sneasler|Dire Claw|p2a: Basculegion
|-resisted|p2a: Basculegion|1
|-damage|p2a: Basculegion|46/100
|move|p2a: Basculegion|Last Respects|p1a: Banette
|-supereffective|p1a: Banette|1
|-damage|p1a: Banette|0 fnt
|faint|p1a: Banette
|move|p2b: Corviknight|Body Press|p1b: Sneasler
|-resisted|p1b: Sneasler|1
|-damage|p1b: Sneasler|18/100
|
|-weather|none
|-heal|p2b: Corviknight|64/100|[from] item: Leftovers
|-end|p2b: Corviknight|Encore
|-end|p2b: Corviknight|Disable
|upkeep
|turn|11
|
|t:|1777037290
|move|p2a: Basculegion|Aqua Jet|p1b: Sneasler
|-damage|p1b: Sneasler|0 fnt
|faint|p1b: Sneasler
|
|win|Krisuerte
|raw|KIM ZTMY's rating: 1657 &rarr; <strong>1637</strong><br />(-20 for losing)
|raw|Krisuerte's rating: 1656 &rarr; <strong>1676</strong><br />(+20 for winning)
|l|☆KIM ZTMY
|player|p1|
