|j|☆yamede蛇如
|j|☆ScribbleScribble
|t:|1777100985
|gametype|doubles
|player|p1|yamede蛇如|266|1650
|player|p2|ScribbleScribble|mina-lgpe|1657
|gen|9
|tier|[Gen 9 Champions] VGC 2026 Reg M-A
|rated|
|rule|Species Clause: Limit one of each Pokémon
|rule|Item Clause: Limit 1 of each item
|clearpoke
|poke|p1|Tyranitar, L50, F|
|poke|p1|Milotic, L50, F, shiny|
|poke|p1|Excadrill, L50, F|
|poke|p1|Delphox, L50, F, shiny|
|poke|p1|Kingambit, L50, M|
|poke|p1|Sinistcha, L50|
|poke|p2|Meganium, L50, F|
|poke|p2|Sneasler, L50, F, shiny|
|poke|p2|Aerodactyl, L50, M|
|poke|p2|Kingambit, L50, M|
|poke|p2|Basculegion, L50, M, shiny|
|poke|p2|Farigiraf, L50, F|
|teampreview|4
|inactive|Battle timer is ON: inactive players will automatically lose when time's up. (requested by ScribbleScribble)
|inactive|yamede蛇如 has 60 seconds left.
|inactive|ScribbleScribble has 60 seconds left.
|
|t:|1777101029
|teamsize|p1|4
|teamsize|p2|4
|start
|switch|p1a: Delphox|Delphox, L50, F, shiny|100/100
|switch|p1b: Milotic|Milotic, L50, F, shiny|100/100
|switch|p2a: Aerodactyl|Aerodactyl, L50, M|100/100
|switch|p2b: Meganium|Meganium, L50, F|100/100
|-ability|p2a: Aerodactyl|Unnerve
|turn|1
|
|t:|1777101048
|switch|p1b: Kingambit|Kingambit, L50, M|100/100
|detailschange|p1a: Delphox|Delphox-Mega, L50, F, shiny
|-mega|p1a: Delphox|Delphox|Delphoxite
|detailschange|p2b: Meganium|Meganium-Mega, L50, F
|-mega|p2b: Meganium|Meganium|Meganiumite
|move|p1a: Delphox|Heat Wave|p2a: Aerodactyl|[spread] p2a,p2b
|-resisted|p2a: Aerodactyl|1
|-supereffective|p2b: Meganium|1
|-damage|p2a: Aerodactyl|76/100
|-damage|p2b: Meganium|28/100
|move|p2a: Aerodactyl|Tailwind|p2a: Aerodactyl
|-sidestart|p2: ScribbleScribble|move: Tailwind
|move|p2b: Meganium|Solar Beam||[still]
|-prepare|p2b: Meganium|Solar Beam
|-activate|p2b: Meganium|ability: Mega Sol
|-anim|p2b: Meganium|Solar Beam|p1b: Kingambit
|-resisted|p1b: Kingambit|1
|-damage|p1b: Kingambit|64/100
|
|upkeep
|turn|2
|inactive|yamede蛇如 has 30 seconds left.
|inactive|ScribbleScribble has 30 seconds left.
|inactive|yamede蛇如 has 20 seconds left.
|
|t:|1777101085
|move|p1b: Kingambit|Sucker Punch|p2a: Aerodactyl
|-damage|p2a: Aerodactyl|0 fnt
|faint|p2a: Aerodactyl
|move|p2b: Meganium|Dazzling Gleam|p1a: Delphox|[spread] p1a,p1b
|-resisted|p1a: Delphox|1
|-damage|p1a: Delphox|83/100
|-damage|p1b: Kingambit|31/100
|move|p1a: Delphox|Heat Wave|p2b: Meganium
|-supereffective|p2b: Meganium|1
|-damage|p2b: Meganium|0 fnt
|faint|p2b: Meganium
|
|upkeep
|
|t:|1777101087
|switch|p2a: Basculegion|Basculegion, L50, M, shiny|100/100
|switch|p2b: Farigiraf|Farigiraf, L50, F|100/100
|turn|3
|inactive|yamede蛇如 has 30 seconds left.
|inactive|yamede蛇如 has 20 seconds left.
|inactive|yamede蛇如 has 15 seconds left.
|inactive|yamede蛇如 has 10 seconds left.
|inactive|yamede蛇如 has 5 seconds left.
|
|t:|1777101139
|-end|p1b: Kingambit|fallenundefined|[silent]
|switch|p1b: Sinistcha|Sinistcha, L50|100/100
|-heal|p1a: Delphox|100/100|[from] ability: Hospitality|[of] p1b: Sinistcha
|move|p2a: Basculegion|Last Respects|p1b: Sinistcha
|-supereffective|p1b: Sinistcha|1
|-damage|p1b: Sinistcha|0 fnt
|faint|p1b: Sinistcha
|move|p1a: Delphox|Heat Wave|p2b: Farigiraf|[spread] p2a,p2b
|-resisted|p2a: Basculegion|1
|-damage|p2a: Basculegion|79/100
|-damage|p2b: Farigiraf|67/100
|move|p2b: Farigiraf|Hyper Voice|p1a: Delphox
|-crit|p1a: Delphox
|-damage|p1a: Delphox|51/100
|
|upkeep
|
|t:|1777101155
|switch|p1b: Milotic|Milotic, L50, F, shiny|100/100
|turn|4
|inactive|yamede蛇如 has 30 seconds left.
|inactive|yamede蛇如 has 20 seconds left.
|
|t:|1777101194
|move|p2a: Basculegion|Last Respects|p1a: Delphox
|-supereffective|p1a: Delphox|1
|-damage|p1a: Delphox|0 fnt
|faint|p1a: Delphox
|move|p2b: Farigiraf|Hyper Voice|p1b: Milotic
|-damage|p1b: Milotic|71/100
|move|p1b: Milotic|Coil|p1b: Milotic
|-boost|p1b: Milotic|atk|1
|-boost|p1b: Milotic|def|1
|-boost|p1b: Milotic|accuracy|1
|
|-heal|p1b: Milotic|77/100|[from] item: Leftovers
|-sideend|p2: ScribbleScribble|move: Tailwind
|upkeep
|
|t:|1777101197
|switch|p1a: Kingambit|Kingambit, L50, M|31/100
|-activate|p1a: Kingambit|ability: Supreme Overlord
|-start|p1a: Kingambit|fallen2|[silent]
|turn|5
|j| sbpkshowdown
|inactive|yamede蛇如 has 30 seconds left.
|inactive|ScribbleScribble has 30 seconds left.
|inactive|yamede蛇如 has 20 seconds left.
|inactive|ScribbleScribble has 20 seconds left.
|inactive|yamede蛇如 has 15 seconds left.
|inactive|yamede蛇如 has 10 seconds left.
|j| 18787test
|inactive|ScribbleScribble has 15 seconds left.
|
|t:|1777101248
|move|p2b: Farigiraf|Helping Hand|p2a: Basculegion
|-singleturn|p2a: Basculegion|Helping Hand|[of] p2b: Farigiraf
|move|p1a: Kingambit|Protect|p1a: Kingambit
|-singleturn|p1a: Kingambit|Protect
|move|p2a: Basculegion|Last Respects|p1a: Kingambit
|-activate|p1a: Kingambit|move: Protect
|move|p1b: Milotic|Hypnosis|p2a: Basculegion
|-status|p2a: Basculegion|slp|[from] move: Hypnosis
|
|-heal|p1b: Milotic|83/100|[from] item: Leftovers
|upkeep
|turn|6
|
|t:|1777101266
|cant|p2a: Basculegion|slp
|move|p1b: Milotic|Hypnosis|p2b: Farigiraf
|-status|p2b: Farigiraf|slp|[from] move: Hypnosis
|cant|p2b: Farigiraf|slp
|move|p1a: Kingambit|Kowtow Cleave|p2a: Basculegion
|-supereffective|p2a: Basculegion|1
|-damage|p2a: Basculegion|0 fnt
|faint|p2a: Basculegion
|
|-heal|p1b: Milotic|89/100|[from] item: Leftovers
|upkeep
|turn|7
|-message|ScribbleScribble forfeited.
|
|win|yamede蛇如
|raw|yamede蛇如's rating: 1650 &rarr; <strong>1670</strong><br />(+20 for winning)
|raw|ScribbleScribble's rating: 1657 &rarr; <strong>1637</strong><br />(-20 for losing)
|l|☆ScribbleScribble
|player|p2|
|l|☆yamede蛇如
|player|p1|
