|raw|<div class="broadcast-blue"><strong>This battle is required to be public due to a player having a name starting with 'sdlt'.</div>
|j|☆SDLT2FCO TEP
|j|☆moon7777
|t:|1778156060
|gametype|doubles
|player|p1|SDLT2FCO TEP|1|1766
|player|p2|moon7777|266|1777
|gen|9
|tier|[Gen 9 Champions] VGC 2026 Reg M-A
|rated|
|rule|Species Clause: Limit one of each Pokémon
|rule|Item Clause: Limit 1 of each item
|clearpoke
|poke|p1|Tyranitar, L50, F|
|poke|p1|Excadrill, L50, M|
|poke|p1|Kommo-o, L50, F|
|poke|p1|Milotic, L50, F|
|poke|p1|Meganium, L50, F|
|poke|p1|Volcarona, L50, F|
|poke|p2|Lucario, L50, M|
|poke|p2|Ceruledge, L50, M|
|poke|p2|Sableye, L50, M|
|poke|p2|Kangaskhan, L50, F|
|poke|p2|Espathra, L50, M|
|poke|p2|Archaludon, L50, F|
|teampreview|4
|inactive|Battle timer is ON: inactive players will automatically lose when time's up. (requested by SDLT2FCO TEP)
|inactive|SDLT2FCO TEP has 60 seconds left.
|
|t:|1778156095
|teamsize|p1|4
|teamsize|p2|4
|start
|switch|p1a: Tyranitar|Tyranitar, L50, F|100/100
|switch|p1b: Kommo-o|Kommo-o, L50, F|100/100
|switch|p2a: Espathra|Espathra, L50, M|100/100
|switch|p2b: Kangaskhan|Kangaskhan, L50, F|100/100
|-weather|Sandstorm|[from] ability: Sand Stream|[of] p1a: Tyranitar
|turn|1
|inactive|moon7777 has 30 seconds left.
|
|t:|1778156121
|detailschange|p2b: Kangaskhan|Kangaskhan-Mega, L50, F
|-mega|p2b: Kangaskhan|Kangaskhan|Kangaskhanite
|detailschange|p1a: Tyranitar|Tyranitar-Mega, L50, F
|-mega|p1a: Tyranitar|Tyranitar|Tyranitarite
|move|p2b: Kangaskhan|Fake Out|p1a: Tyranitar
|-resisted|p1a: Tyranitar|1
|-damage|p1a: Tyranitar|91/100
|-resisted|p1a: Tyranitar|1
|-damage|p1a: Tyranitar|89/100
|-hitcount|p1a: Tyranitar|2
|move|p1b: Kommo-o|Clangorous Soul|p1b: Kommo-o
|-boost|p1b: Kommo-o|atk|1
|-boost|p1b: Kommo-o|def|1
|-boost|p1b: Kommo-o|spa|1
|-boost|p1b: Kommo-o|spd|1
|-boost|p1b: Kommo-o|spe|1
|-damage|p1b: Kommo-o|67/100
|move|p2a: Espathra|Calm Mind|p2a: Espathra
|-boost|p2a: Espathra|spa|1
|-boost|p2a: Espathra|spd|1
|cant|p1a: Tyranitar|flinch
|
|-weather|Sandstorm|[upkeep]
|-damage|p1b: Kommo-o|61/100|[from] Sandstorm
|-damage|p2a: Espathra|94/100|[from] Sandstorm
|-damage|p2b: Kangaskhan|94/100|[from] Sandstorm
|-ability|p2a: Espathra|Speed Boost|boost
|-boost|p2a: Espathra|spe|1
|upkeep
|turn|2
|
|t:|1778156138
|switch|p1a: Volcarona|Volcarona, L50, F|100/100
|move|p2a: Espathra|Protect|p2a: Espathra
|-singleturn|p2a: Espathra|Protect
|move|p1b: Kommo-o|Clanging Scales|p2b: Kangaskhan|[spread] p2b
|-activate|p2a: Espathra|move: Protect
|-damage|p2b: Kangaskhan|41/100
|-unboost|p1b: Kommo-o|def|1
|move|p2b: Kangaskhan|Drain Punch|p1a: Volcarona
|-resisted|p1a: Volcarona|1
|-damage|p1a: Volcarona|87/100
|-heal|p2b: Kangaskhan|47/100|[from] drain|[of] p1a: Volcarona
|-status|p2b: Kangaskhan|brn|[from] ability: Flame Body|[of] p1a: Volcarona
|-resisted|p1a: Volcarona|1
|-damage|p1a: Volcarona|85/100
|-heal|p2b: Kangaskhan|48/100 brn|[from] drain|[of] p1a: Volcarona
|-hitcount|p1a: Volcarona|2
|
|-weather|Sandstorm|[upkeep]
|-damage|p1b: Kommo-o|55/100|[from] Sandstorm
|-damage|p2a: Espathra|88/100|[from] Sandstorm
|-damage|p2b: Kangaskhan|42/100 brn|[from] Sandstorm
|-damage|p1a: Volcarona|79/100|[from] Sandstorm
|-damage|p2b: Kangaskhan|36/100 brn|[from] brn
|-ability|p2a: Espathra|Speed Boost|boost
|-boost|p2a: Espathra|spe|1
|upkeep
|turn|3
|inactive|SDLT2FCO TEP has 30 seconds left.
|
|t:|1778156163
|switch|p2b: Sableye|Sableye, L50, M|100/100
|move|p2a: Espathra|Calm Mind|p2a: Espathra
|-boost|p2a: Espathra|spa|1
|-boost|p2a: Espathra|spd|1
|move|p1b: Kommo-o|Clanging Scales|p2b: Sableye|[spread] p2a,p2b
|-damage|p2a: Espathra|47/100
|-damage|p2b: Sableye|0 fnt
|-enditem|p2a: Espathra|Sitrus Berry|[eat]
|-heal|p2a: Espathra|72/100|[from] item: Sitrus Berry
|faint|p2b: Sableye
|-unboost|p1b: Kommo-o|def|1
|move|p1a: Volcarona|Tailwind|p1a: Volcarona
|-sidestart|p1: SDLT2FCO TEP|move: Tailwind
|
|-weather|Sandstorm|[upkeep]
|-damage|p1b: Kommo-o|49/100|[from] Sandstorm
|-damage|p2a: Espathra|66/100|[from] Sandstorm
|-damage|p1a: Volcarona|73/100|[from] Sandstorm
|-ability|p2a: Espathra|Speed Boost|boost
|-boost|p2a: Espathra|spe|1
|upkeep
|
|t:|1778156180
|switch|p2b: Kangaskhan|Kangaskhan-Mega, L50, F|36/100 brn
|turn|4
|
|t:|1778156203
|switch|p2b: Archaludon|Archaludon, L50, F|100/100
|move|p1b: Kommo-o|Protect|p1b: Kommo-o
|-singleturn|p1b: Kommo-o|Protect
|move|p2a: Espathra|Lumina Crash|p1b: Kommo-o
|-activate|p1b: Kommo-o|move: Protect
|move|p1a: Volcarona|Struggle Bug|p2b: Archaludon|[spread] p2a,p2b
|-supereffective|p2a: Espathra|1
|-resisted|p2b: Archaludon|1
|-damage|p2a: Espathra|44/100
|-damage|p2b: Archaludon|89/100
|-unboost|p2a: Espathra|spa|1
|-unboost|p2b: Archaludon|spa|1
|-ability|p2b: Archaludon|Stamina|boost
|-boost|p2b: Archaludon|def|1
|
|-weather|Sandstorm|[upkeep]
|-damage|p1b: Kommo-o|43/100|[from] Sandstorm
|-damage|p2a: Espathra|38/100|[from] Sandstorm
|-damage|p1a: Volcarona|67/100|[from] Sandstorm
|-heal|p2b: Archaludon|95/100|[from] item: Leftovers
|-ability|p2a: Espathra|Speed Boost|boost
|-boost|p2a: Espathra|spe|1
|upkeep
|turn|5
|
|t:|1778156223
|switch|p2b: Kangaskhan|Kangaskhan-Mega, L50, F|36/100 brn
|move|p1a: Volcarona|Rage Powder|p1a: Volcarona
|-singleturn|p1a: Volcarona|move: Rage Powder
|move|p1b: Kommo-o|Clanging Scales|p2a: Espathra|[spread] p2a,p2b
|-crit|p2a: Espathra
|-damage|p2a: Espathra|0 fnt
|-damage|p2b: Kangaskhan|0 fnt
|faint|p2a: Espathra
|faint|p2b: Kangaskhan
|-unboost|p1b: Kommo-o|def|1
|
|-weather|none
|upkeep
|-message|moon7777 forfeited.
|
|win|SDLT2FCO TEP
|raw|SDLT2FCO TEP's rating: 1781 &rarr; <strong>1801</strong><br />(+20 for winning)
|raw|moon7777's rating: 1777 &rarr; <strong>1757</strong><br />(-20 for losing)
