|j|☆ScribbleScribble
|j|☆Dr. Papus
|t:|1777167895
|gametype|doubles
|player|p1|ScribbleScribble|mina-lgpe|1757
|player|p2|Dr. Papus|morty|1689
|gen|9
|tier|[Gen 9 Champions] VGC 2026 Reg M-A
|rated|
|rule|Species Clause: Limit one of each Pokémon
|rule|Item Clause: Limit 1 of each item
|clearpoke
|poke|p1|Ceruledge, L50, M|
|poke|p1|Lopunny, L50, F, shiny|
|poke|p1|Farigiraf, L50, M|
|poke|p1|Rotom-Wash, L50, shiny|
|poke|p1|Kommo-o, L50, M|
|poke|p1|Sneasler, L50, F, shiny|
|poke|p2|Whimsicott, L50, M|
|poke|p2|Charizard, L50, F|
|poke|p2|Garchomp, L50, F|
|poke|p2|Basculegion, L50, M|
|poke|p2|Sneasler, L50, M|
|poke|p2|Incineroar, L50, M|
|teampreview|4
|inactive|Battle timer is ON: inactive players will automatically lose when time's up. (requested by ScribbleScribble)
|j| wizzpuffer
|j| elychee267
|inactive|ScribbleScribble has 60 seconds left.
|inactive|Dr. Papus has 60 seconds left.
|
|t:|1777167942
|teamsize|p1|4
|teamsize|p2|4
|start
|switch|p1a: Lopunny|Lopunny, L50, F, shiny|100/100
|switch|p1b: Farigiraf|Farigiraf, L50, M|100/100
|switch|p2a: Whimsicott|Whimsicott, L50, M|100/100
|switch|p2b: Charizard|Charizard, L50, F|100/100
|turn|1
|inactive|ScribbleScribble has 30 seconds left.
|
|t:|1777167975
|detailschange|p1a: Lopunny|Lopunny-Mega, L50, F, shiny
|-mega|p1a: Lopunny|Lopunny|Lopunnite
|move|p2a: Whimsicott|Protect|p2a: Whimsicott
|-singleturn|p2a: Whimsicott|Protect
|move|p2b: Charizard|Protect|p2b: Charizard
|-singleturn|p2b: Charizard|Protect
|move|p1a: Lopunny|Triple Axel|p2a: Whimsicott
|-activate|p2a: Whimsicott|move: Protect
|move|p1b: Farigiraf|Trick Room|p1b: Farigiraf
|-fieldstart|move: Trick Room|[of] p1b: Farigiraf
|
|upkeep
|turn|2
|inactive|ScribbleScribble has 30 seconds left.
|
|t:|1777168005
|detailschange|p2b: Charizard|Charizard-Mega-Y, L50, F
|-mega|p2b: Charizard|Charizard|Charizardite Y
|-weather|SunnyDay|[from] ability: Drought|[of] p2b: Charizard
|move|p1b: Farigiraf|Hyper Voice|p2b: Charizard|[spread] p2a,p2b
|-damage|p2a: Whimsicott|46/100
|-damage|p2b: Charizard|70/100
|move|p2b: Charizard|Heat Wave|p1a: Lopunny|[spread] p1a,p1b
|-damage|p1a: Lopunny|10/100
|-damage|p1b: Farigiraf|30/100
|-enditem|p1b: Farigiraf|Sitrus Berry|[eat]
|-heal|p1b: Farigiraf|54/100|[from] item: Sitrus Berry
|move|p2a: Whimsicott|Moonblast|p1a: Lopunny
|-supereffective|p1a: Lopunny|1
|-damage|p1a: Lopunny|0 fnt
|faint|p1a: Lopunny
|
|-weather|SunnyDay|[upkeep]
|upkeep
|
|t:|1777168008
|switch|p1a: Kommo-o|Kommo-o, L50, M|100/100
|turn|3
|
|t:|1777168027
|switch|p2a: Basculegion|Basculegion, L50, M|100/100
|move|p1b: Farigiraf|Hyper Voice|p2a: Basculegion|[spread] p2b
|-immune|p2a: Basculegion
|-damage|p2b: Charizard|43/100
|move|p2b: Charizard|Weather Ball|p1b: Farigiraf
|-damage|p1b: Farigiraf|0 fnt
|faint|p1b: Farigiraf
|move|p1a: Kommo-o|Clanging Scales|p2b: Charizard|[spread] p2a,p2b
|-damage|p2a: Basculegion|59/100
|-damage|p2b: Charizard|0 fnt
|faint|p2b: Charizard
|-unboost|p1a: Kommo-o|def|1
|
|-weather|SunnyDay|[upkeep]
|upkeep
|
|t:|1777168041
|switch|p1b: Rotom|Rotom-Wash, L50, shiny|100/100
|switch|p2b: Garchomp|Garchomp, L50, F|100/100
|turn|4
|inactive|ScribbleScribble has 30 seconds left.
|
|t:|1777168066
|move|p2a: Basculegion|Last Respects|p1b: Rotom
|-damage|p1b: Rotom|11/100
|move|p2b: Garchomp|Dragon Claw|p1a: Kommo-o
|-supereffective|p1a: Kommo-o|1
|-damage|p1a: Kommo-o|0 fnt
|faint|p1a: Kommo-o
|move|p1b: Rotom|Thunderbolt|p2a: Basculegion
|-supereffective|p2a: Basculegion|1
|-damage|p2a: Basculegion|0 fnt
|faint|p2a: Basculegion
|
|-weather|SunnyDay|[upkeep]
|upkeep
|
|t:|1777168072
|switch|p2a: Whimsicott|Whimsicott, L50, M|46/100
|turn|5
|-message|ScribbleScribble forfeited.
|
|win|Dr. Papus
|raw|ScribbleScribble's rating: 1757 &rarr; <strong>1733</strong><br />(-24 for losing)
|raw|Dr. Papus's rating: 1689 &rarr; <strong>1713</strong><br />(+24 for winning)
|l|☆Dr. Papus
|player|p2|
|l| elychee267
