|raw|<div class="broadcast-blue"><strong>This battle is required to be public due to a player having a name starting with 'sdlt'.</div>
|j|☆SDLT 2FCO Astte
|j|☆honaaaaaa
|t:|1778194496
|gametype|doubles
|player|p1|SDLT 2FCO Astte|eusine|1714
|player|p2|honaaaaaa|102|1838
|gen|9
|tier|[Gen 9 Champions] VGC 2026 Reg M-A
|rated|
|rule|Species Clause: Limit one of each Pokémon
|rule|Item Clause: Limit 1 of each item
|clearpoke
|poke|p1|Scovillain, L50, F, shiny|
|poke|p1|Sylveon, L50, F|
|poke|p1|Basculegion, L50, M|
|poke|p1|Aerodactyl, L50, F, shiny|
|poke|p1|Garchomp, L50, F|
|poke|p1|Aegislash, L50, M, shiny|
|poke|p2|Charizard, L50, M|
|poke|p2|Farigiraf, L50, F|
|poke|p2|Kingambit, L50, F|
|poke|p2|Torkoal, L50, M|
|poke|p2|Sylveon, L50, F|
|poke|p2|Kangaskhan, L50, F|
|teampreview|4
|inactive|Battle timer is ON: inactive players will automatically lose when time's up. (requested by SDLT 2FCO Astte)
|inactive|SDLT 2FCO Astte has 60 seconds left.
|inactive|honaaaaaa has 60 seconds left.
|
|t:|1778194540
|teamsize|p1|4
|teamsize|p2|4
|start
|switch|p1a: Aerodactyl|Aerodactyl, L50, F, shiny|100/100
|switch|p1b: Sylveon|Sylveon, L50, F|100/100
|switch|p2a: Charizard|Charizard, L50, M|100/100
|switch|p2b: Farigiraf|Farigiraf, L50, F|100/100
|-ability|p1a: Aerodactyl|Unnerve
|turn|1
|
|t:|1778194550
|detailschange|p1a: Aerodactyl|Aerodactyl-Mega, L50, F, shiny
|-mega|p1a: Aerodactyl|Aerodactyl|Aerodactylite
|detailschange|p2a: Charizard|Charizard-Mega-X, L50, M
|-mega|p2a: Charizard|Charizard|Charizardite X
|move|p1a: Aerodactyl|Rock Slide|p2b: Farigiraf|[spread] p2a,p2b
|-supereffective|p2a: Charizard|1
|-damage|p2a: Charizard|48/100
|-damage|p2b: Farigiraf|69/100
|move|p2a: Charizard|Flare Blitz|p1b: Sylveon
|-damage|p1b: Sylveon|0 fnt
|faint|p1b: Sylveon
|-damage|p2a: Charizard|17/100|[from] Recoil
|cant|p2b: Farigiraf|flinch
|
|upkeep
|
|t:|1778194569
|switch|p1b: Basculegion|Basculegion, L50, M|100/100
|turn|2
|
|t:|1778194576
|move|p2b: Farigiraf|Protect|p2b: Farigiraf
|-singleturn|p2b: Farigiraf|Protect
|move|p1a: Aerodactyl|Rock Slide|p2b: Farigiraf|[spread] p2a
|-activate|p2b: Farigiraf|move: Protect
|-supereffective|p2a: Charizard|1
|-damage|p2a: Charizard|0 fnt
|faint|p2a: Charizard
|move|p1b: Basculegion|Liquidation|p2b: Farigiraf
|-activate|p2b: Farigiraf|move: Protect
|
|upkeep
|
|t:|1778194585
|switch|p2a: Kingambit|Kingambit, L50, F|100/100
|turn|3
|
|t:|1778194595
|move|p2a: Kingambit|Sucker Punch|p1b: Basculegion
|-supereffective|p1b: Basculegion|1
|-damage|p1b: Basculegion|2/100
|move|p1a: Aerodactyl|Dual Wingbeat|p2b: Farigiraf
|-damage|p2b: Farigiraf|42/100
|-damage|p2b: Farigiraf|18/100
|-hitcount|p2b: Farigiraf|2
|move|p1b: Basculegion|Liquidation|p2b: Farigiraf
|-damage|p2b: Farigiraf|0 fnt
|faint|p2b: Farigiraf
|
|upkeep
|
|t:|1778194599
|switch|p2b: Torkoal|Torkoal, L50, M|100/100
|-weather|SunnyDay|[from] ability: Drought|[of] p2b: Torkoal
|turn|4
|
|t:|1778194609
|move|p1a: Aerodactyl|Protect|p1a: Aerodactyl
|-singleturn|p1a: Aerodactyl|Protect
|move|p2b: Torkoal|Protect|p2b: Torkoal
|-singleturn|p2b: Torkoal|Protect
|move|p1b: Basculegion|Last Respects|p2a: Kingambit
|-resisted|p2a: Kingambit|1
|-damage|p2a: Kingambit|72/100
|move|p2a: Kingambit|Iron Head|p1a: Aerodactyl
|-activate|p1a: Aerodactyl|move: Protect
|
|-weather|SunnyDay|[upkeep]
|upkeep
|turn|5
|
|t:|1778194622
|move|p1a: Aerodactyl|Rock Slide|p2b: Torkoal|[spread] p2a,p2b
|-resisted|p2a: Kingambit|1
|-supereffective|p2b: Torkoal|1
|-damage|p2a: Kingambit|62/100
|-damage|p2b: Torkoal|54/100
|move|p1b: Basculegion|Last Respects|p2b: Torkoal
|-damage|p2b: Torkoal|0 fnt
|faint|p2b: Torkoal
|move|p2a: Kingambit|Iron Head|p1a: Aerodactyl
|-supereffective|p1a: Aerodactyl|1
|-damage|p1a: Aerodactyl|0 fnt
|faint|p1a: Aerodactyl
|
|-weather|SunnyDay|[upkeep]
|upkeep
|j| lefthandhere
|
|t:|1778194625
|switch|p1a: Garchomp|Garchomp, L50, F|100/100
|turn|6
|-message|honaaaaaa forfeited.
|
|win|SDLT 2FCO Astte
|raw|SDLT 2FCO Astte's rating: 1714 &rarr; <strong>1741</strong><br />(+27 for winning)
|raw|honaaaaaa's rating: 1838 &rarr; <strong>1811</strong><br />(-27 for losing)
|l|☆honaaaaaa
|player|p2|
