|j|☆tryson69
|j|☆moat_vgcf
|t:|1778348234
|gametype|doubles
|player|p1|tryson69|crasherwake|1769
|player|p2|moat_vgcf|lance|1807
|gen|9
|tier|[Gen 9 Champions] VGC 2026 Reg M-A
|rated|
|rule|Species Clause: Limit one of each Pokémon
|rule|Item Clause: Limit 1 of each item
|clearpoke
|poke|p1|Torkoal, L50, F|
|poke|p1|Typhlosion-Hisui, L50, F|
|poke|p1|Farigiraf, L50, M|
|poke|p1|Kangaskhan, L50, F|
|poke|p1|Rotom-Wash, L50|
|poke|p1|Venusaur, L50, F|
|poke|p2|Charizard, L50, F|
|poke|p2|Sneasler, L50, F|
|poke|p2|Kingambit, L50, F|
|poke|p2|Garchomp, L50, M|
|poke|p2|Floette-Eternal, L50, F|
|poke|p2|Aerodactyl, L50, F|
|teampreview|4
|
|t:|1778348264
|teamsize|p1|4
|teamsize|p2|4
|start
|switch|p1a: Kangaskhan|Kangaskhan, L50, F|100/100
|switch|p1b: Farigiraf|Farigiraf, L50, M|100/100
|switch|p2a: Sneasler|Sneasler, L50, F|100/100
|switch|p2b: Charizard|Charizard, L50, F|100/100
|turn|1
|
|t:|1778348275
|detailschange|p2b: Charizard|Charizard-Mega-Y, L50, F
|-mega|p2b: Charizard|Charizard|Charizardite Y
|-weather|SunnyDay|[from] ability: Drought|[of] p2b: Charizard
|detailschange|p1a: Kangaskhan|Kangaskhan-Mega, L50, F
|-mega|p1a: Kangaskhan|Kangaskhan|Kangaskhanite
|move|p1a: Kangaskhan|Fake Out|p2b: Charizard
|-damage|p2b: Charizard|72/100
|-damage|p2b: Charizard|67/100
|-hitcount|p2b: Charizard|2
|move|p2a: Sneasler|Close Combat|p1a: Kangaskhan
|-supereffective|p1a: Kangaskhan|1
|-damage|p1a: Kangaskhan|0 fnt
|-unboost|p2a: Sneasler|def|1
|-unboost|p2a: Sneasler|spd|1
|faint|p1a: Kangaskhan
|-enditem|p2a: Sneasler|White Herb
|-clearnegativeboost|p2a: Sneasler|[silent]
|cant|p2b: Charizard|flinch
|move|p1b: Farigiraf|Trick Room|p1b: Farigiraf
|-fieldstart|move: Trick Room|[of] p1b: Farigiraf
|
|-weather|SunnyDay|[upkeep]
|upkeep
|j| pangpokemon666
|
|t:|1778348285
|switch|p1a: Torkoal|Torkoal, L50, F|100/100
|turn|2
|j| pedroemiya
|
|t:|1778348308
|move|p2b: Charizard|Protect|p2b: Charizard
|-singleturn|p2b: Charizard|Protect
|move|p2a: Sneasler|Protect|p2a: Sneasler
|-singleturn|p2a: Sneasler|Protect
|move|p1a: Torkoal|Eruption|p2a: Sneasler|[spread] 
|-activate|p2a: Sneasler|move: Protect
|-activate|p2b: Charizard|move: Protect
|move|p1b: Farigiraf|Psychic|p2b: Charizard
|-activate|p2b: Charizard|move: Protect
|
|-weather|SunnyDay|[upkeep]
|upkeep
|turn|3
|
|t:|1778348349
|switch|p2b: Garchomp|Garchomp, L50, M|100/100
|switch|p2a: Aerodactyl|Aerodactyl, L50, F|100/100
|-ability|p2a: Aerodactyl|Unnerve
|move|p1a: Torkoal|Eruption|p2a: Aerodactyl|[spread] p2a,p2b
|-resisted|p2a: Aerodactyl|1
|-resisted|p2b: Garchomp|1
|-damage|p2a: Aerodactyl|41/100
|-damage|p2b: Garchomp|57/100
|move|p1b: Farigiraf|Psychic|p2b: Garchomp
|-damage|p2b: Garchomp|21/100
|-unboost|p2b: Garchomp|spd|1
|
|-weather|SunnyDay|[upkeep]
|upkeep
|turn|4
|
|t:|1778348391
|move|p2b: Garchomp|Protect|p2b: Garchomp
|-singleturn|p2b: Garchomp|Protect
|move|p2a: Aerodactyl|Protect|p2a: Aerodactyl
|-singleturn|p2a: Aerodactyl|Protect
|move|p1a: Torkoal|Earth Power|p2b: Garchomp
|-activate|p2b: Garchomp|move: Protect
|move|p1b: Farigiraf|Psychic|p2a: Aerodactyl
|-activate|p2a: Aerodactyl|move: Protect
|
|-weather|SunnyDay|[upkeep]
|upkeep
|turn|5
|j| TheRarestCandy4
|l| TheRarestCandy4
|
|t:|1778348431
|move|p1a: Torkoal|Eruption|p2a: Aerodactyl|[spread] p2a,p2b
|-resisted|p2a: Aerodactyl|1
|-resisted|p2b: Garchomp|1
|-damage|p2a: Aerodactyl|0 fnt
|-damage|p2b: Garchomp|0 fnt
|faint|p2a: Aerodactyl
|faint|p2b: Garchomp
|move|p1b: Farigiraf|Psychic|p2: Aerodactyl|[notarget]
|-fail|p1b: Farigiraf
|
|-weather|none
|-fieldend|move: Trick Room
|upkeep
|
|t:|1778348434
|switch|p2a: Charizard|Charizard-Mega-Y, L50, F|67/100
|switch|p2b: Sneasler|Sneasler, L50, F|100/100
|-weather|SunnyDay|[from] ability: Drought|[of] p2a: Charizard
|turn|6
|
|t:|1778348450
|move|p2b: Sneasler|Close Combat|p1a: Torkoal
|-damage|p1a: Torkoal|55/100
|-unboost|p2b: Sneasler|def|1
|-unboost|p2b: Sneasler|spd|1
|move|p2a: Charizard|Weather Ball|p1b: Farigiraf
|-damage|p1b: Farigiraf|19/100
|-enditem|p1b: Farigiraf|Sitrus Berry|[eat]
|-heal|p1b: Farigiraf|44/100|[from] item: Sitrus Berry
|move|p1b: Farigiraf|Psychic|p2b: Sneasler
|-supereffective|p2b: Sneasler|2
|-damage|p2b: Sneasler|0 fnt
|faint|p2b: Sneasler
|move|p1a: Torkoal|Overheat|p2a: Charizard
|-resisted|p2a: Charizard|1
|-damage|p2a: Charizard|20/100y
|-unboost|p1a: Torkoal|spa|2
|
|-weather|SunnyDay|[upkeep]
|upkeep
|turn|7
|
|t:|1778348466
|move|p2a: Charizard|Heat Wave|p1a: Torkoal|[spread] p1a
|-miss|p2a: Charizard|p1b: Farigiraf
|-resisted|p1a: Torkoal|1
|-damage|p1a: Torkoal|8/100
|move|p1b: Farigiraf|Psychic|p2a: Charizard
|-damage|p2a: Charizard|0 fnt
|faint|p2a: Charizard
|
|win|tryson69
|raw|tryson69's rating: 1769 &rarr; <strong>1791</strong><br />(+22 for winning)
|raw|moat_vgcf's rating: 1807 &rarr; <strong>1785</strong><br />(-22 for losing)
|l|☆tryson69
|player|p1|
