|j|☆Krisuerte
|j|☆massan2580
|t:|1777563781
|gametype|doubles
|player|p1|Krisuerte|265|1783
|player|p2|massan2580|2|1762
|gen|9
|tier|[Gen 9 Champions] VGC 2026 Reg M-A
|rated|
|rule|Species Clause: Limit one of each Pokémon
|rule|Item Clause: Limit 1 of each item
|clearpoke
|poke|p1|Tyranitar, L50, F|
|poke|p1|Basculegion, L50, M|
|poke|p1|Excadrill, L50, F|
|poke|p1|Incineroar, L50, F|
|poke|p1|Rotom-Wash, L50|
|poke|p1|Corviknight, L50, F|
|poke|p2|Sneasler, L50, F|
|poke|p2|Kingambit, L50, F|
|poke|p2|Charizard, L50, M|
|poke|p2|Garchomp, L50, M|
|poke|p2|Basculegion, L50, M|
|poke|p2|Aerodactyl, L50, F|
|teampreview|4
|inactive|Battle timer is ON: inactive players will automatically lose when time's up. (requested by Krisuerte)
|
|t:|1777563809
|teamsize|p1|4
|teamsize|p2|4
|start
|switch|p1a: Rotom|Rotom-Wash, L50|100/100
|switch|p1b: Corviknight|Corviknight, L50, F|100/100
|switch|p2a: Garchomp|Garchomp, L50, M|100/100
|switch|p2b: Charizard|Charizard, L50, M|100/100
|turn|1
|
|t:|1777563831
|detailschange|p2b: Charizard|Charizard-Mega-Y, L50, M
|-mega|p2b: Charizard|Charizard|Charizardite Y
|-weather|SunnyDay|[from] ability: Drought|[of] p2b: Charizard
|move|p2a: Garchomp|Rock Tomb|p1a: Rotom
|-damage|p1a: Rotom|67/100
|-unboost|p1a: Rotom|spe|1
|move|p2b: Charizard|Solar Beam||[still]
|-prepare|p2b: Charizard|Solar Beam
|-anim|p2b: Charizard|Solar Beam|p1a: Rotom
|-supereffective|p1a: Rotom|1
|-damage|p1a: Rotom|0 fnt
|faint|p1a: Rotom
|move|p1b: Corviknight|Brave Bird|p2b: Charizard
|-damage|p2b: Charizard|59/100
|-damage|p1b: Corviknight|89/100|[from] Recoil
|
|-weather|SunnyDay|[upkeep]
|-heal|p1b: Corviknight|95/100|[from] item: Leftovers
|upkeep
|
|t:|1777563851
|switch|p1a: Tyranitar|Tyranitar, L50, F|100/100
|-weather|Sandstorm|[from] ability: Sand Stream|[of] p1a: Tyranitar
|turn|2
|
|t:|1777563861
|switch|p2a: Basculegion|Basculegion, L50, M|100/100
|switch|p2b: Sneasler|Sneasler, L50, F|100/100
|detailschange|p1a: Tyranitar|Tyranitar-Mega, L50, F
|-mega|p1a: Tyranitar|Tyranitar|Tyranitarite
|move|p1a: Tyranitar|Low Kick|p2b: Sneasler
|-resisted|p2b: Sneasler|1
|-damage|p2b: Sneasler|75/100
|move|p1b: Corviknight|Iron Defense|p1b: Corviknight
|-boost|p1b: Corviknight|def|2
|
|-weather|Sandstorm|[upkeep]
|-damage|p2b: Sneasler|69/100|[from] Sandstorm
|-damage|p2a: Basculegion|93/100|[from] Sandstorm
|-heal|p1b: Corviknight|100/100|[from] item: Leftovers
|upkeep
|turn|3
|j| velho din
|inactive|massan2580 has 30 seconds left.
|
|t:|1777563890
|switch|p2a: Charizard|Charizard-Mega-Y, L50, M|59/100
|-weather|SunnyDay|[from] ability: Drought|[of] p2a: Charizard
|move|p1a: Tyranitar|Protect|p1a: Tyranitar
|-singleturn|p1a: Tyranitar|Protect
|move|p2b: Sneasler|Close Combat|p1a: Tyranitar
|-activate|p1a: Tyranitar|move: Protect
|move|p1b: Corviknight|Brave Bird|p2b: Sneasler
|-supereffective|p2b: Sneasler|1
|-damage|p2b: Sneasler|0 fnt
|faint|p2b: Sneasler
|-damage|p1b: Corviknight|82/100|[from] Recoil
|
|-weather|SunnyDay|[upkeep]
|-heal|p1b: Corviknight|88/100|[from] item: Leftovers
|upkeep
|
|t:|1777563898
|switch|p2b: Garchomp|Garchomp, L50, M|100/100
|turn|4
|
|t:|1777563918
|move|p2a: Charizard|Protect|p2a: Charizard
|-singleturn|p2a: Charizard|Protect
|move|p2b: Garchomp|Earthquake|p1b: Corviknight|[spread] p1a
|-activate|p2a: Charizard|move: Protect
|-immune|p1b: Corviknight
|-supereffective|p1a: Tyranitar|1
|-damage|p1a: Tyranitar|42/100
|move|p1a: Tyranitar|Rock Slide|p2b: Garchomp|[spread] p2b
|-activate|p2a: Charizard|move: Protect
|-resisted|p2b: Garchomp|1
|-damage|p2b: Garchomp|81/100
|move|p1b: Corviknight|Roost|p1b: Corviknight
|-heal|p1b: Corviknight|100/100
|-singleturn|p1b: Corviknight|move: Roost
|
|-weather|SunnyDay|[upkeep]
|upkeep
|turn|5
|j| suibiandajiba
|inactive|Krisuerte has 30 seconds left.
|
|t:|1777563947
|switch|p1a: Basculegion|Basculegion, L50, M|100/100
|move|p2b: Garchomp|Earthquake|p1a: Basculegion|[spread] p1a
|-immune|p2a: Charizard
|-immune|p1b: Corviknight
|-damage|p1a: Basculegion|44/100
|-enditem|p1a: Basculegion|Sitrus Berry|[eat]
|-heal|p1a: Basculegion|69/100|[from] item: Sitrus Berry
|move|p2a: Charizard|Weather Ball|p1b: Corviknight
|-supereffective|p1b: Corviknight|1
|-damage|p1b: Corviknight|0 fnt
|faint|p1b: Corviknight
|
|-weather|SunnyDay|[upkeep]
|upkeep
|
|t:|1777563964
|switch|p1b: Tyranitar|Tyranitar-Mega, L50, F|42/100
|-weather|Sandstorm|[from] ability: Sand Stream|[of] p1b: Tyranitar
|turn|6
|
|t:|1777563986
|move|p1b: Tyranitar|Protect|p1b: Tyranitar
|-singleturn|p1b: Tyranitar|Protect
|move|p2b: Garchomp|Earthquake|p1b: Tyranitar|[spread] p1a
|-activate|p1b: Tyranitar|move: Protect
|-immune|p2a: Charizard
|-crit|p1a: Basculegion
|-damage|p1a: Basculegion|0 fnt
|faint|p1a: Basculegion
|move|p2a: Charizard|Weather Ball|p1b: Tyranitar
|-activate|p1b: Tyranitar|move: Protect
|
|-weather|Sandstorm|[upkeep]
|-damage|p2a: Charizard|53/100|[from] Sandstorm
|upkeep
|turn|7
|l|☆Krisuerte
|inactive|Krisuerte disconnected and has a minute to reconnect!
|player|p1|
|inactive|Krisuerte has 30 seconds left.
|l| velho din
|inactive|Krisuerte has 20 seconds left.
|inactive|Krisuerte has 15 seconds left.
|inactive|Krisuerte has 10 seconds left.
|inactive|Krisuerte has 5 seconds left.
|-message|Krisuerte lost due to inactivity.
|
|win|massan2580
|raw|Krisuerte's rating: 1783 &rarr; <strong>1762</strong><br />(-21 for losing)
|raw|massan2580's rating: 1762 &rarr; <strong>1783</strong><br />(+21 for winning)
