|j|☆megagenger2023
|j|☆ToiletClogger456
|t:|1780094602
|gametype|doubles
|player|p1|megagenger2023|169|2024
|player|p2|ToiletClogger456|barry|1907
|gen|9
|tier|[Gen 9 Champions] VGC 2026 Reg M-A
|rated|
|rule|Species Clause: Limit one of each Pokémon
|rule|Item Clause: Limit 1 of each item
|clearpoke
|poke|p1|Gengar, L50, F|
|poke|p1|Archaludon, L50, F|
|poke|p1|Politoed, L50, F|
|poke|p1|Incineroar, L50, F|
|poke|p1|Sinistcha-Masterpiece, L50|
|poke|p1|Froslass, L50, F|
|poke|p2|Umbreon, L50, M, shiny|
|poke|p2|Sylveon, L50, F, shiny|
|poke|p2|Charizard, L50, M|
|poke|p2|Venusaur, L50, F|
|poke|p2|Basculegion, L50, M|
|poke|p2|Archaludon, L50, F|
|teampreview|4
|
|t:|1780094624
|teamsize|p1|4
|teamsize|p2|4
|start
|switch|p1a: Gengar|Gengar, L50, F|100/100
|switch|p1b: Incineroar|Incineroar, L50, F|100/100
|switch|p2a: Umbreon|Umbreon, L50, M, shiny|100/100
|switch|p2b: Basculegion|Basculegion, L50, M|100/100
|-ability|p1b: Incineroar|Intimidate|boost
|-fail|p2a: Umbreon|unboost|Attack|[from] ability: Inner Focus|[of] p2a: Umbreon
|-unboost|p2b: Basculegion|atk|1
|turn|1
|
|t:|1780094636
|switch|p1b: Archaludon|Archaludon, L50, F|100/100
|detailschange|p1a: Gengar|Gengar-Mega, L50, F
|-mega|p1a: Gengar|Gengar|Gengarite
|move|p1a: Gengar|Protect|p1a: Gengar
|-singleturn|p1a: Gengar|Protect
|move|p2b: Basculegion|Wave Crash|p1b: Archaludon
|-resisted|p1b: Archaludon|1
|-damage|p1b: Archaludon|77/100
|-ability|p1b: Archaludon|Stamina|boost
|-boost|p1b: Archaludon|def|1
|-damage|p2b: Basculegion|92/100|[from] Recoil
|move|p2a: Umbreon|Foul Play|p1a: Gengar
|-activate|p1a: Gengar|move: Protect
|
|-heal|p1b: Archaludon|83/100|[from] item: Leftovers
|upkeep
|turn|2
|
|t:|1780094660
|switch|p1a: Politoed|Politoed, L50, F|100/100
|-weather|RainDance|[from] ability: Drizzle|[of] p1a: Politoed
|switch|p2b: Venusaur|Venusaur, L50, F|100/100
|move|p1b: Archaludon|Electro Shot||[still]
|-prepare|p1b: Archaludon|Electro Shot
|-boost|p1b: Archaludon|spa|1
|-anim|p1b: Archaludon|Electro Shot|p2b: Venusaur
|-resisted|p2b: Venusaur|1
|-damage|p2b: Venusaur|77/100
|move|p2a: Umbreon|Snarl|p1a: Politoed|[spread] p1a,p1b
|-damage|p1a: Politoed|92/100
|-damage|p1b: Archaludon|73/100
|-unboost|p1a: Politoed|spa|1
|-unboost|p1b: Archaludon|spa|1
|-ability|p1b: Archaludon|Stamina|boost
|-boost|p1b: Archaludon|def|1
|
|-weather|RainDance|[upkeep]
|-heal|p1b: Archaludon|80/100|[from] item: Leftovers
|upkeep
|turn|3
|
|t:|1780094686
|switch|p1b: Gengar|Gengar-Mega, L50, F|100/100
|detailschange|p2b: Venusaur|Venusaur-Mega, L50, F
|-mega|p2b: Venusaur|Venusaur|Venusaurite
|move|p2b: Venusaur|Leech Seed|p1b: Gengar
|-start|p1b: Gengar|move: Leech Seed
|move|p1a: Politoed|Perish Song|p1a: Politoed
|-start|p1a: Politoed|perish3|[silent]
|-start|p1b: Gengar|perish3|[silent]
|-start|p2a: Umbreon|perish3|[silent]
|-start|p2b: Venusaur|perish3|[silent]
|-fieldactivate|move: Perish Song
|move|p2a: Umbreon|Snarl|p1b: Gengar|[spread] p1a,p1b
|-supereffective|p1b: Gengar|1
|-crit|p1b: Gengar
|-damage|p1a: Politoed|85/100
|-damage|p1b: Gengar|74/100
|-unboost|p1a: Politoed|spa|1
|-unboost|p1b: Gengar|spa|1
|
|-weather|RainDance|[upkeep]
|-damage|p1b: Gengar|62/100|[from] Leech Seed|[of] p2b: Venusaur
|-heal|p2b: Venusaur|88/100|[silent]
|-start|p1b: Gengar|perish3
|-start|p2b: Venusaur|perish3
|-start|p1a: Politoed|perish3
|-start|p2a: Umbreon|perish3
|upkeep
|turn|4
|
|t:|1780094705
|switch|p1a: Incineroar|Incineroar, L50, F|100/100
|-ability|p1a: Incineroar|Intimidate|boost
|-fail|p2a: Umbreon|unboost|Attack|[from] ability: Inner Focus|[of] p2a: Umbreon
|-unboost|p2b: Venusaur|atk|1
|move|p1b: Gengar|Protect|p1b: Gengar
|-singleturn|p1b: Gengar|Protect
|move|p2b: Venusaur|Earth Power|p1a: Incineroar
|-supereffective|p1a: Incineroar|1
|-damage|p1a: Incineroar|60/100
|move|p2a: Umbreon|Foul Play|p1b: Gengar
|-activate|p1b: Gengar|move: Protect
|
|-weather|RainDance|[upkeep]
|-damage|p1b: Gengar|50/100g|[from] Leech Seed|[of] p2b: Venusaur
|-heal|p2b: Venusaur|98/100|[silent]
|-start|p1b: Gengar|perish2
|-start|p2b: Venusaur|perish2
|-start|p2a: Umbreon|perish2
|upkeep
|turn|5
|
|t:|1780094749
|switch|p1b: Politoed|Politoed, L50, F|85/100
|move|p2b: Venusaur|Earth Power|p1a: Incineroar
|-supereffective|p1a: Incineroar|1
|-damage|p1a: Incineroar|19/100
|move|p2a: Umbreon|Yawn|p1b: Politoed
|-start|p1b: Politoed|move: Yawn|[of] p2a: Umbreon
|move|p1a: Incineroar|Parting Shot|p1b: Politoed
|-unboost|p1b: Politoed|atk|1
|-unboost|p1b: Politoed|spa|1
|
|t:|1780094758
|switch|p1a: Gengar|Gengar-Mega, L50, F|50/100g|[from] Parting Shot
|
|-weather|RainDance|[upkeep]
|-start|p2b: Venusaur|perish1
|-start|p2a: Umbreon|perish1
|upkeep
|turn|6
|
|t:|1780094786
|switch|p1b: Incineroar|Incineroar, L50, F|19/100
|-ability|p1b: Incineroar|Intimidate|boost
|-fail|p2a: Umbreon|unboost|Attack|[from] ability: Inner Focus|[of] p2a: Umbreon
|-unboost|p2b: Venusaur|atk|1
|move|p1a: Gengar|Protect|p1a: Gengar
|-singleturn|p1a: Gengar|Protect
|move|p2b: Venusaur|Earth Power|p1b: Incineroar
|-supereffective|p1b: Incineroar|1
|-damage|p1b: Incineroar|0 fnt
|faint|p1b: Incineroar
|move|p2a: Umbreon|Yawn|p1a: Gengar
|-activate|p1a: Gengar|move: Protect
|
|-weather|none
|-start|p2b: Venusaur|perish0
|-start|p2a: Umbreon|perish0
|faint|p2b: Venusaur
|faint|p2a: Umbreon
|upkeep
|
|t:|1780094802
|switch|p2b: Sylveon|Sylveon, L50, F, shiny|100/100
|switch|p2a: Basculegion|Basculegion, L50, M|92/100
|switch|p1b: Politoed|Politoed, L50, F|85/100
|-weather|RainDance|[from] ability: Drizzle|[of] p1b: Politoed
|turn|7
|
|t:|1780094815
|move|p1a: Gengar|Perish Song|p1a: Gengar
|-start|p1a: Gengar|perish3|[silent]
|-start|p1b: Politoed|perish3|[silent]
|-start|p2a: Basculegion|perish3|[silent]
|-start|p2b: Sylveon|perish3|[silent]
|-fieldactivate|move: Perish Song
|move|p2a: Basculegion|Last Respects|p1b: Politoed
|-damage|p1b: Politoed|0 fnt
|faint|p1b: Politoed
|move|p2b: Sylveon|Moonblast|p1a: Gengar
|-resisted|p1a: Gengar|1
|-damage|p1a: Gengar|24/100
|
|-weather|RainDance|[upkeep]
|-start|p1a: Gengar|perish3
|-start|p2a: Basculegion|perish3
|-start|p2b: Sylveon|perish3
|upkeep
|
|t:|1780094823
|switch|p1b: Archaludon|Archaludon, L50, F|80/100
|turn|8
|
|t:|1780094841
|move|p2a: Basculegion|Aqua Jet|p1a: Gengar
|-damage|p1a: Gengar|0 fnt
|faint|p1a: Gengar
|move|p1b: Archaludon|Flash Cannon|p2b: Sylveon
|-supereffective|p2b: Sylveon|1
|-damage|p2b: Sylveon|44/100
|move|p2b: Sylveon|Hyper Voice|p1b: Archaludon
|-damage|p1b: Archaludon|20/100y
|-ability|p1b: Archaludon|Stamina|boost
|-boost|p1b: Archaludon|def|1
|
|-weather|RainDance|[upkeep]
|-heal|p1b: Archaludon|27/100|[from] item: Leftovers
|-start|p2a: Basculegion|perish2
|-start|p2b: Sylveon|perish2
|upkeep
|turn|9
|inactive|Battle timer is ON: inactive players will automatically lose when time's up. (requested by megagenger2023)
|
|t:|1780094853
|move|p1b: Archaludon|Protect|p1b: Archaludon
|-singleturn|p1b: Archaludon|Protect
|move|p2a: Basculegion|Last Respects|p1b: Archaludon
|-activate|p1b: Archaludon|move: Protect
|move|p2b: Sylveon|Hyper Voice|p1b: Archaludon
|-activate|p1b: Archaludon|move: Protect
|
|-weather|RainDance|[upkeep]
|-heal|p1b: Archaludon|33/100|[from] item: Leftovers
|-start|p2a: Basculegion|perish1
|-start|p2b: Sylveon|perish1
|upkeep
|turn|10
|
|t:|1780094868
|move|p1b: Archaludon|Protect||[still]
|-fail|p1b: Archaludon
|move|p2a: Basculegion|Last Respects|p1b: Archaludon
|-damage|p1b: Archaludon|0 fnt
|faint|p1b: Archaludon
|
|win|ToiletClogger456
|raw|megagenger2023's rating: 2024 &rarr; <strong>1998</strong><br />(-26 for losing)
|raw|ToiletClogger456's rating: 1907 &rarr; <strong>1933</strong><br />(+26 for winning)
|l|☆megagenger2023
|player|p1|
