|j|☆Grade a type b
|j|☆Pasodoble
|t:|1779072897
|gametype|doubles
|player|p1|Grade a type b|266|1904
|player|p2|Pasodoble|101|1882
|gen|9
|tier|[Gen 9 Champions] VGC 2026 Reg M-A
|rated|
|rule|Species Clause: Limit one of each Pokémon
|rule|Item Clause: Limit 1 of each item
|clearpoke
|poke|p1|Charizard, L50, M|
|poke|p1|Basculegion, L50, M|
|poke|p1|Kommo-o, L50, M|
|poke|p1|Whimsicott, L50, M|
|poke|p1|Kingambit, L50, F|
|poke|p1|Diggersby, L50, F|
|poke|p2|Scovillain, L50, F|
|poke|p2|Sylveon, L50, F|
|poke|p2|Tyranitar, L50, M|
|poke|p2|Excadrill, L50, F|
|poke|p2|Sinistcha, L50|
|poke|p2|Basculegion, L50, M|
|teampreview|4
|inactive|Battle timer is ON: inactive players will automatically lose when time's up. (requested by Grade a type b)
|j| Rabbithorn05
|l|☆Grade a type b
|inactive|Grade a type b disconnected and has a minute to reconnect!
|player|p1|
|inactive|Pasodoble has 60 seconds left.
|j| ok ok yuh
|
|t:|1779072947
|teamsize|p1|4
|teamsize|p2|4
|start
|switch|p1a: Emergency Button|Whimsicott, L50, M|100/100
|switch|p1b: Calyrex-Shadow?|Kommo-o, L50, M|100/100
|switch|p2a: Tyranitar|Tyranitar, L50, M|100/100
|switch|p2b: Excadrill|Excadrill, L50, F|100/100
|-weather|Sandstorm|[from] ability: Sand Stream|[of] p2a: Tyranitar
|turn|1
|inactive|Grade a type b has 30 seconds left.
|j|☆Grade a type b
|inactive|Grade a type b reconnected and has 30 seconds left.
|player|p1|Grade a type b|266|
|n|☆Grade a type b|gradeatypeb
|
|t:|1779072981
|switch|p2a: Sylveon|Sylveon, L50, F|100/100
|move|p1a: Emergency Button|Protect|p1a: Emergency Button
|-singleturn|p1a: Emergency Button|Protect
|move|p2b: Excadrill|Iron Head|p1a: Emergency Button
|-activate|p1a: Emergency Button|move: Protect
|move|p1b: Calyrex-Shadow?|Aura Sphere|p2b: Excadrill
|-supereffective|p2b: Excadrill|1
|-enditem|p2b: Excadrill|Focus Sash
|-damage|p2b: Excadrill|1/100
|
|-weather|Sandstorm|[upkeep]
|-damage|p1a: Emergency Button|94/100|[from] Sandstorm
|-damage|p1b: Calyrex-Shadow?|93/100|[from] Sandstorm
|-damage|p2a: Sylveon|94/100|[from] Sandstorm
|-heal|p2a: Sylveon|100/100|[from] item: Leftovers
|upkeep
|turn|2
|
|t:|1779072998
|switch|p1a: The Big Dig|Diggersby, L50, F|100/100
|move|p1b: Calyrex-Shadow?|Protect|p1b: Calyrex-Shadow?
|-singleturn|p1b: Calyrex-Shadow?|Protect
|move|p2b: Excadrill|Iron Head|p1a: The Big Dig
|-damage|p1a: The Big Dig|42/100
|-enditem|p1a: The Big Dig|Sitrus Berry|[eat]
|-heal|p1a: The Big Dig|67/100|[from] item: Sitrus Berry
|move|p2a: Sylveon|Draining Kiss|p1b: Calyrex-Shadow?
|-activate|p1b: Calyrex-Shadow?|move: Protect
|
|-weather|Sandstorm|[upkeep]
|-damage|p1b: Calyrex-Shadow?|87/100|[from] Sandstorm
|-damage|p2a: Sylveon|94/100|[from] Sandstorm
|-heal|p2a: Sylveon|100/100|[from] item: Leftovers
|upkeep
|turn|3
|
|t:|1779073013
|switch|p1b: Jurassic Park|Charizard, L50, M|100/100
|move|p2b: Excadrill|Protect|p2b: Excadrill
|-singleturn|p2b: Excadrill|Protect
|move|p1a: The Big Dig|Quick Attack|p2b: Excadrill
|-activate|p2b: Excadrill|move: Protect
|move|p2a: Sylveon|Hyper Voice|p1a: The Big Dig|[spread] p1a,p1b
|-resisted|p1b: Jurassic Park|1
|-damage|p1a: The Big Dig|18/100
|-damage|p1b: Jurassic Park|74/100
|
|-weather|Sandstorm|[upkeep]
|-damage|p1b: Jurassic Park|69/100|[from] Sandstorm
|-damage|p2a: Sylveon|94/100|[from] Sandstorm
|-heal|p2a: Sylveon|100/100|[from] item: Leftovers
|upkeep
|turn|4
|
|t:|1779073029
|switch|p2b: Basculegion|Basculegion, L50, M|100/100
|move|p1b: Jurassic Park|Protect|p1b: Jurassic Park
|-singleturn|p1b: Jurassic Park|Protect
|move|p2a: Sylveon|Protect|p2a: Sylveon
|-singleturn|p2a: Sylveon|Protect
|move|p1a: The Big Dig|Quick Attack|p2b: Basculegion
|-immune|p2b: Basculegion
|
|-weather|Sandstorm|[upkeep]
|-damage|p2b: Basculegion|93/100|[from] Sandstorm
|-damage|p1b: Jurassic Park|63/100|[from] Sandstorm
|-damage|p2a: Sylveon|94/100|[from] Sandstorm
|-heal|p2a: Sylveon|100/100|[from] item: Leftovers
|upkeep
|turn|5
|inactive|Pasodoble has 30 seconds left.
|
|t:|1779073058
|detailschange|p1b: Jurassic Park|Charizard-Mega-Y, L50, M
|-mega|p1b: Jurassic Park|Charizard|Charizardite Y
|-weather|SunnyDay|[from] ability: Drought|[of] p1b: Jurassic Park
|move|p2b: Basculegion|Wave Crash|p1b: Jurassic Park
|-supereffective|p1b: Jurassic Park|1
|-damage|p1b: Jurassic Park|0 fnt
|faint|p1b: Jurassic Park
|-damage|p2b: Basculegion|77/100|[from] Recoil
|move|p1a: The Big Dig|Earthquake|p2a: Sylveon|[spread] p2a,p2b
|-damage|p2a: Sylveon|47/100
|-damage|p2b: Basculegion|13/100
|move|p2a: Sylveon|Draining Kiss|p1a: The Big Dig
|-damage|p1a: The Big Dig|0 fnt
|-heal|p2a: Sylveon|60/100|[from] drain|[of] p1a: The Big Dig
|faint|p1a: The Big Dig
|
|-weather|SunnyDay|[upkeep]
|-heal|p2a: Sylveon|66/100|[from] item: Leftovers
|upkeep
|
|t:|1779073064
|switch|p1b: Emergency Button|Whimsicott, L50, M|94/100
|switch|p1a: Calyrex-Shadow?|Kommo-o, L50, M|87/100
|turn|6
|
|t:|1779073086
|switch|p2b: Tyranitar|Tyranitar, L50, M|100/100
|-weather|Sandstorm|[from] ability: Sand Stream|[of] p2b: Tyranitar
|move|p1a: Calyrex-Shadow?|Protect|p1a: Calyrex-Shadow?
|-singleturn|p1a: Calyrex-Shadow?|Protect
|move|p1b: Emergency Button|Moonblast|p2a: Sylveon
|-crit|p2a: Sylveon
|-damage|p2a: Sylveon|31/100
|move|p2a: Sylveon|Draining Kiss|p1a: Calyrex-Shadow?
|-activate|p1a: Calyrex-Shadow?|move: Protect
|
|-weather|Sandstorm|[upkeep]
|-damage|p1b: Emergency Button|88/100|[from] Sandstorm
|-damage|p1a: Calyrex-Shadow?|81/100|[from] Sandstorm
|-damage|p2a: Sylveon|25/100|[from] Sandstorm
|-heal|p2a: Sylveon|31/100|[from] item: Leftovers
|upkeep
|turn|7
|
|t:|1779073106
|detailschange|p2b: Tyranitar|Tyranitar-Mega, L50, M
|-mega|p2b: Tyranitar|Tyranitar|Tyranitarite
|move|p1b: Emergency Button|Moonblast|p2b: Tyranitar
|-supereffective|p2b: Tyranitar|1
|-damage|p2b: Tyranitar|65/100
|move|p1a: Calyrex-Shadow?|Flash Cannon|p2a: Sylveon
|-supereffective|p2a: Sylveon|1
|-damage|p2a: Sylveon|0 fnt
|faint|p2a: Sylveon
|move|p2b: Tyranitar|Rock Slide|p1b: Emergency Button|[spread] p1a
|-miss|p2b: Tyranitar|p1b: Emergency Button
|-resisted|p1a: Calyrex-Shadow?|1
|-damage|p1a: Calyrex-Shadow?|66/100
|
|-weather|Sandstorm|[upkeep]
|-damage|p1b: Emergency Button|82/100|[from] Sandstorm
|-damage|p1a: Calyrex-Shadow?|60/100|[from] Sandstorm
|upkeep
|
|t:|1779073116
|switch|p2a: Excadrill|Excadrill, L50, F|1/100
|turn|8
|
|t:|1779073124
|move|p1b: Emergency Button|Protect|p1b: Emergency Button
|-singleturn|p1b: Emergency Button|Protect
|move|p2a: Excadrill|High Horsepower|p1a: Calyrex-Shadow?
|-crit|p1a: Calyrex-Shadow?
|-damage|p1a: Calyrex-Shadow?|0 fnt
|faint|p1a: Calyrex-Shadow?
|move|p2b: Tyranitar|Rock Slide|p1b: Emergency Button
|-activate|p1b: Emergency Button|move: Protect
|
|-weather|Sandstorm|[upkeep]
|-damage|p1b: Emergency Button|76/100|[from] Sandstorm
|upkeep
|turn|9
|
|t:|1779073132
|move|p2a: Excadrill|Iron Head|p1b: Emergency Button
|-supereffective|p1b: Emergency Button|1
|-damage|p1b: Emergency Button|0 fnt
|faint|p1b: Emergency Button
|
|win|Pasodoble
|raw|Grade a type b's rating: 1904 &rarr; <strong>1883</strong><br />(-21 for losing)
|raw|Pasodoble's rating: 1882 &rarr; <strong>1903</strong><br />(+21 for winning)
|l|☆Grade a type b
|player|p1|
|l| ok ok yuh
|l| Rabbithorn05
|l|☆Pasodoble
|player|p2|
