|j|☆kodon98
|j|☆Forbranna
|t:|1776716314
|gametype|doubles
|player|p1|kodon98|102|1608
|player|p2|Forbranna|265|1681
|gen|9
|tier|[Gen 9 Champions] VGC 2026 Reg M-A
|rated|
|rule|Species Clause: Limit one of each Pokémon
|rule|Item Clause: Limit 1 of each item
|clearpoke
|poke|p1|Scizor, L50, M|
|poke|p1|Dragonite, L50, F|
|poke|p1|Pelipper, L50, F|
|poke|p1|Incineroar, L50, F|
|poke|p1|Archaludon, L50, F|
|poke|p1|Basculegion, L50, M|
|poke|p2|Meganium, L50, F|
|poke|p2|Tyranitar, L50, M, shiny|
|poke|p2|Excadrill, L50, M, shiny|
|poke|p2|Aegislash, L50, M|
|poke|p2|Sinistcha, L50|
|poke|p2|Talonflame, L50, M, shiny|
|teampreview|4
|inactive|Battle timer is ON: inactive players will automatically lose when time's up. (requested by Forbranna)
|j| ShadowGWR
|
|t:|1776716344
|teamsize|p1|4
|teamsize|p2|4
|start
|switch|p1a: Pelipper|Pelipper, L50, F|100/100
|switch|p1b: Archaludon|Archaludon, L50, F|100/100
|switch|p2a: Malcom X|Talonflame, L50, M, shiny|100/100
|switch|p2b: Sappho|Meganium, L50, F|100/100
|-weather|RainDance|[from] ability: Drizzle|[of] p1a: Pelipper
|turn|1
|
|t:|1776716365
|switch|p2a: Ivan IV|Tyranitar, L50, M, shiny|100/100
|-weather|Sandstorm|[from] ability: Sand Stream|[of] p2a: Ivan IV
|detailschange|p2b: Sappho|Meganium-Mega, L50, F
|-mega|p2b: Sappho|Meganium|Meganiumite
|move|p1b: Archaludon|Electro Shot||[still]
|-prepare|p1b: Archaludon|Electro Shot
|-boost|p1b: Archaludon|spa|1
|move|p2b: Sappho|Weather Ball|p1b: Archaludon
|-damage|p1b: Archaludon|34/100
|-ability|p1b: Archaludon|Stamina|boost
|-boost|p1b: Archaludon|def|1
|move|p1a: Pelipper|Hurricane|p2b: Sappho
|-supereffective|p2b: Sappho|1
|-damage|p2b: Sappho|40/100
|
|-weather|Sandstorm|[upkeep]
|-damage|p2b: Sappho|34/100|[from] Sandstorm
|-damage|p1a: Pelipper|95/100|[from] Sandstorm
|-heal|p1b: Archaludon|40/100|[from] item: Leftovers
|upkeep
|turn|2
|inactive|kodon98 has 30 seconds left.
|inactive|Forbranna has 30 seconds left.
|
|t:|1776716398
|move|p1b: Archaludon|Electro Shot|p2a: Ivan IV|[from] lockedmove
|-damage|p2a: Ivan IV|64/100
|move|p2b: Sappho|Weather Ball|p1b: Archaludon
|-crit|p1b: Archaludon
|-damage|p1b: Archaludon|0 fnt
|faint|p1b: Archaludon
|move|p2a: Ivan IV|Rock Slide|p1a: Pelipper
|-supereffective|p1a: Pelipper|1
|-damage|p1a: Pelipper|25/100
|cant|p1a: Pelipper|flinch
|
|-weather|Sandstorm|[upkeep]
|-damage|p2b: Sappho|28/100|[from] Sandstorm
|-damage|p1a: Pelipper|19/100|[from] Sandstorm
|upkeep
|
|t:|1776716412
|switch|p1b: Scizor|Scizor, L50, M|100/100
|turn|3
|inactive|Forbranna has 30 seconds left.
|
|t:|1776716441
|switch|p2b: Robespierre|Excadrill, L50, M, shiny|100/100
|detailschange|p1b: Scizor|Scizor-Mega, L50, M
|-mega|p1b: Scizor|Scizor|Scizorite
|move|p1a: Pelipper|Wide Guard|p1a: Pelipper
|-singleturn|p1a: Pelipper|Wide Guard
|move|p2a: Ivan IV|Rock Slide|p1b: Scizor|[spread] 
|-activate|p1a: Pelipper|move: Wide Guard
|-activate|p1b: Scizor|move: Wide Guard
|move|p1b: Scizor|Swords Dance|p1b: Scizor
|-boost|p1b: Scizor|atk|2
|
|-weather|Sandstorm|[upkeep]
|-damage|p1a: Pelipper|13/100|[from] Sandstorm
|upkeep
|turn|4
|
|t:|1776716464
|switch|p1a: Basculegion|Basculegion, L50, M|100/100
|move|p2a: Ivan IV|Protect|p2a: Ivan IV
|-singleturn|p2a: Ivan IV|Protect
|move|p1b: Scizor|Bullet Punch|p2a: Ivan IV
|-activate|p2a: Ivan IV|move: Protect
|move|p2b: Robespierre|Iron Head|p1b: Scizor
|-resisted|p1b: Scizor|1
|-crit|p1b: Scizor
|-damage|p1b: Scizor|70/100
|
|-weather|Sandstorm|[upkeep]
|-damage|p1a: Basculegion|94/100|[from] Sandstorm
|upkeep
|turn|5
|
|t:|1776716486
|switch|p2a: Malcom X|Talonflame, L50, M, shiny|100/100
|move|p1b: Scizor|Bullet Punch|p2b: Robespierre
|-resisted|p2b: Robespierre|1
|-damage|p2b: Robespierre|51/100
|move|p2b: Robespierre|Earthquake|p1a: Basculegion|[spread] p1a,p1b
|-immune|p2a: Malcom X
|-damage|p1a: Basculegion|40/100
|-damage|p1b: Scizor|34/100
|move|p1a: Basculegion|Flip Turn|p2b: Robespierre
|-supereffective|p2b: Robespierre|1
|-damage|p2b: Robespierre|0 fnt
|faint|p2b: Robespierre
|
|t:|1776716498
|switch|p1a: Pelipper|Pelipper, L50, F|13/100|[from] Flip Turn
|-weather|RainDance|[from] ability: Drizzle|[of] p1a: Pelipper
|
|-weather|RainDance|[upkeep]
|upkeep
|
|t:|1776716510
|switch|p2b: Sappho|Meganium-Mega, L50, F|28/100
|turn|6
|
|t:|1776716531
|move|p1b: Scizor|Protect|p1b: Scizor
|-singleturn|p1b: Scizor|Protect
|move|p2a: Malcom X|Dual Wingbeat|p1b: Scizor
|-activate|p1b: Scizor|move: Protect
|move|p2b: Sappho|Solar Beam||[still]
|-prepare|p2b: Sappho|Solar Beam
|-activate|p2b: Sappho|ability: Mega Sol
|-anim|p2b: Sappho|Solar Beam|p1a: Pelipper
|-damage|p1a: Pelipper|0 fnt
|faint|p1a: Pelipper
|
|-weather|RainDance|[upkeep]
|upkeep
|
|t:|1776716542
|switch|p1a: Basculegion|Basculegion, L50, M|40/100
|turn|7
|
|t:|1776716559
|switch|p2b: Ivan IV|Tyranitar, L50, M, shiny|64/100
|-weather|Sandstorm|[from] ability: Sand Stream|[of] p2b: Ivan IV
|move|p1a: Basculegion|Aqua Jet|p2a: Malcom X
|-supereffective|p2a: Malcom X|1
|-damage|p2a: Malcom X|26/100
|move|p1b: Scizor|Bullet Punch|p2b: Ivan IV
|-supereffective|p2b: Ivan IV|1
|-damage|p2b: Ivan IV|0 fnt
|faint|p2b: Ivan IV
|move|p2a: Malcom X|Dual Wingbeat|p1b: Scizor
|-damage|p1b: Scizor|19/100
|-damage|p1b: Scizor|6/100
|-hitcount|p1b: Scizor|2
|
|-weather|Sandstorm|[upkeep]
|-damage|p1a: Basculegion|33/100|[from] Sandstorm
|-damage|p2a: Malcom X|20/100|[from] Sandstorm
|-heal|p2a: Malcom X|26/100|[from] item: Leftovers
|upkeep
|
|t:|1776716578
|switch|p2b: Sappho|Meganium-Mega, L50, F|28/100
|turn|8
|
|t:|1776716589
|move|p2a: Malcom X|Protect|p2a: Malcom X
|-singleturn|p2a: Malcom X|Protect
|move|p2b: Sappho|Protect|p2b: Sappho
|-singleturn|p2b: Sappho|Protect
|move|p1a: Basculegion|Aqua Jet|p2a: Malcom X
|-activate|p2a: Malcom X|move: Protect
|move|p1b: Scizor|Dual Wingbeat|p2b: Sappho
|-activate|p2b: Sappho|move: Protect
|
|-weather|Sandstorm|[upkeep]
|-damage|p1a: Basculegion|27/100|[from] Sandstorm
|-damage|p2a: Malcom X|20/100|[from] Sandstorm
|-damage|p2b: Sappho|22/100|[from] Sandstorm
|-heal|p2a: Malcom X|26/100|[from] item: Leftovers
|upkeep
|turn|9
|
|t:|1776716605
|move|p1a: Basculegion|Aqua Jet|p2a: Malcom X
|-supereffective|p2a: Malcom X|1
|-damage|p2a: Malcom X|0 fnt
|faint|p2a: Malcom X
|move|p1b: Scizor|Bullet Punch|p2b: Sappho
|-supereffective|p2b: Sappho|1
|-damage|p2b: Sappho|0 fnt
|faint|p2b: Sappho
|
|win|kodon98
|raw|kodon98's rating: 1608 &rarr; <strong>1632</strong><br />(+24 for winning)
|raw|Forbranna's rating: 1681 &rarr; <strong>1657</strong><br />(-24 for losing)
