|j|☆NegaiFreak
|j|☆grayrainVGC
|t:|1777982780
|gametype|doubles
|player|p1|NegaiFreak|101|1721
|player|p2|grayrainVGC|102|1780
|gen|9
|tier|[Gen 9 Champions] VGC 2026 Reg M-A
|rated|
|rule|Species Clause: Limit one of each Pokémon
|rule|Item Clause: Limit 1 of each item
|clearpoke
|poke|p1|Archaludon, L50, F|
|poke|p1|Pelipper, L50, F|
|poke|p1|Sneasler, L50, M|
|poke|p1|Sinistcha, L50|
|poke|p1|Blastoise, L50, M|
|poke|p1|Farigiraf, L50, M|
|poke|p2|Gardevoir, L50, M|
|poke|p2|Basculegion, L50, M|
|poke|p2|Sneasler, L50, M|
|poke|p2|Archaludon, L50, M|
|poke|p2|Scizor, L50, M|
|poke|p2|Pelipper, L50, M|
|teampreview|4
|inactive|Battle timer is ON: inactive players will automatically lose when time's up. (requested by NegaiFreak)
|inactive|grayrainVGC has 60 seconds left.
|
|t:|1777982811
|teamsize|p1|4
|teamsize|p2|4
|start
|switch|p1a: Sneasler|Sneasler, L50, M|100/100
|switch|p1b: Blastoise|Blastoise, L50, M|100/100
|switch|p2a: Gardevoir|Gardevoir, L50, M|100/100
|switch|p2b: Sneasler|Sneasler, L50, M|100/100
|-ability|p2a: Gardevoir|Torrent|Trace|[from] ability: Trace|[of] p1b: Blastoise
|turn|1
|
|t:|1777982831
|switch|p2a: Archaludon|Archaludon, L50, M|100/100
|detailschange|p1b: Blastoise|Blastoise-Mega, L50, M
|-mega|p1b: Blastoise|Blastoise|Blastoisinite
|move|p2b: Sneasler|Fake Out|p1b: Blastoise
|-damage|p1b: Blastoise|86/100
|move|p1a: Sneasler|Fake Out|p2b: Sneasler
|-damage|p2b: Sneasler|75/100
|cant|p1b: Blastoise|flinch
|
|upkeep
|turn|2
|
|t:|1777982851
|switch|p1b: Farigiraf|Farigiraf, L50, M|100/100
|move|p1a: Sneasler|Close Combat|p2a: Archaludon
|-supereffective|p2a: Archaludon|1
|-damage|p2a: Archaludon|16/100
|-unboost|p1a: Sneasler|def|1
|-unboost|p1a: Sneasler|spd|1
|-ability|p2a: Archaludon|Stamina|boost
|-boost|p2a: Archaludon|def|1
|-enditem|p1a: Sneasler|White Herb
|-clearnegativeboost|p1a: Sneasler|[silent]
|move|p2b: Sneasler|Close Combat|p1b: Farigiraf
|-damage|p1b: Farigiraf|44/100
|-unboost|p2b: Sneasler|def|1
|-unboost|p2b: Sneasler|spd|1
|-enditem|p1b: Farigiraf|Sitrus Berry|[eat]
|-heal|p1b: Farigiraf|69/100|[from] item: Sitrus Berry
|-enditem|p2b: Sneasler|White Herb
|-clearnegativeboost|p2b: Sneasler|[silent]
|move|p2a: Archaludon|Dragon Pulse|p1b: Farigiraf
|-damage|p1b: Farigiraf|34/100
|
|-heal|p2a: Archaludon|22/100|[from] item: Leftovers
|upkeep
|turn|3
|inactive|NegaiFreak has 30 seconds left.
|inactive|grayrainVGC has 30 seconds left.
|inactive|NegaiFreak has 20 seconds left.
|
|t:|1777982886
|switch|p2a: Basculegion|Basculegion, L50, M|100/100
|switch|p1b: Sinistcha|Sinistcha, L50|100/100
|move|p2b: Sneasler|Close Combat|p1b: Sinistcha
|-immune|p1b: Sinistcha
|move|p1a: Sneasler|Dire Claw|p2b: Sneasler
|-resisted|p2b: Sneasler|1
|-damage|p2b: Sneasler|35/100
|-status|p2b: Sneasler|slp
|
|upkeep
|turn|4
|
|t:|1777982914
|cant|p2b: Sneasler|slp
|move|p1a: Sneasler|Dire Claw|p2a: Basculegion
|-resisted|p2a: Basculegion|1
|-damage|p2a: Basculegion|72/100
|-status|p2a: Basculegion|psn
|move|p2a: Basculegion|Liquidation|p1a: Sneasler
|-damage|p1a: Sneasler|4/100
|move|p1b: Sinistcha|Matcha Gotcha|p2b: Sneasler|[spread] p2a,p2b
|-supereffective|p2a: Basculegion|1
|-resisted|p2b: Sneasler|1
|-damage|p2a: Basculegion|11/100 psn
|-damage|p2b: Sneasler|19/100 slp
|
|-damage|p2a: Basculegion|0 fnt|[from] psn
|faint|p2a: Basculegion
|upkeep
|
|t:|1777982926
|switch|p2a: Gardevoir|Gardevoir, L50, M|100/100
|-ability|p2a: Gardevoir|Hospitality|Trace|[from] ability: Trace|[of] p1b: Sinistcha
|-heal|p2b: Sneasler|44/100 slp|[from] ability: Hospitality|[of] p2a: Gardevoir
|turn|5
|
|t:|1777982945
|detailschange|p2a: Gardevoir|Gardevoir-Mega, L50, M
|-mega|p2a: Gardevoir|Gardevoir|Gardevoirite
|-curestatus|p2b: Sneasler|slp|[msg]
|move|p2b: Sneasler|Dire Claw|p1a: Sneasler
|-resisted|p1a: Sneasler|1
|-damage|p1a: Sneasler|0 fnt
|faint|p1a: Sneasler
|move|p2a: Gardevoir|Hyper Voice|p1b: Sinistcha
|-damage|p1b: Sinistcha|34/100
|move|p1b: Sinistcha|Trick Room|p1b: Sinistcha
|-fieldstart|move: Trick Room|[of] p1b: Sinistcha
|
|-heal|p1b: Sinistcha|40/100|[from] item: Leftovers
|upkeep
|
|t:|1777982952
|switch|p1a: Blastoise|Blastoise-Mega, L50, M|86/100
|turn|6
|
|t:|1777982960
|move|p2b: Sneasler|Protect|p2b: Sneasler
|-singleturn|p2b: Sneasler|Protect
|move|p1b: Sinistcha|Life Dew|p1b: Sinistcha|[spread] p1a,p1b
|-heal|p1a: Blastoise|100/100
|-heal|p1b: Sinistcha|65/100
|move|p1a: Blastoise|Water Spout|p2a: Gardevoir|[spread] p2a
|-activate|p2b: Sneasler|move: Protect
|-damage|p2a: Gardevoir|44/100
|move|p2a: Gardevoir|Hyper Voice|p1a: Blastoise|[spread] p1a,p1b
|-damage|p1a: Blastoise|57/100
|-damage|p1b: Sinistcha|20/100y
|
|-heal|p1b: Sinistcha|26/100|[from] item: Leftovers
|upkeep
|turn|7
|inactive|grayrainVGC has 30 seconds left.
|
|t:|1777982988
|move|p1b: Sinistcha|Life Dew|p1b: Sinistcha|[spread] p1a,p1b
|-heal|p1a: Blastoise|82/100
|-heal|p1b: Sinistcha|51/100
|move|p1a: Blastoise|Water Spout|p2b: Sneasler|[spread] p2a,p2b
|-damage|p2a: Gardevoir|1/100
|-damage|p2b: Sneasler|0 fnt
|faint|p2b: Sneasler
|move|p2a: Gardevoir|Hyper Voice|p1a: Blastoise|[spread] p1a,p1b
|-damage|p1a: Blastoise|40/100
|-damage|p1b: Sinistcha|6/100
|
|-heal|p1b: Sinistcha|12/100|[from] item: Leftovers
|upkeep
|-message|grayrainVGC forfeited.
|
|win|NegaiFreak
|raw|NegaiFreak's rating: 1721 &rarr; <strong>1744</strong><br />(+23 for winning)
|raw|grayrainVGC's rating: 1780 &rarr; <strong>1757</strong><br />(-23 for losing)
|l|☆grayrainVGC
|player|p2|
|c|☆NegaiFreak|GG, WP
