|j|☆bwahacough
|j|☆megagenger2023
|t:|1780537376
|gametype|doubles
|player|p1|bwahacough|102|1898
|player|p2|megagenger2023|169|1941
|gen|9
|tier|[Gen 9 Champions] VGC 2026 Reg M-A
|rated|
|rule|Species Clause: Limit one of each Pokémon
|rule|Item Clause: Limit 1 of each item
|clearpoke
|poke|p1|Lycanroc, L50, M, shiny|
|poke|p1|Tyranitar, L50, M|
|poke|p1|Farigiraf, L50, M, shiny|
|poke|p1|Floette-Eternal, L50, F|
|poke|p1|Basculegion-F, L50, F|
|poke|p1|Scizor, L50, M, shiny|
|poke|p2|Gengar, L50, M|
|poke|p2|Archaludon, L50, F|
|poke|p2|Politoed, L50, F|
|poke|p2|Incineroar, L50, F|
|poke|p2|Sinistcha-Masterpiece, L50|
|poke|p2|Froslass, L50, F|
|teampreview|4
|
|t:|1780537423
|teamsize|p1|4
|teamsize|p2|4
|start
|switch|p1a: Basculegion|Basculegion-F, L50, F|100/100
|switch|p1b: Floette|Floette-Eternal, L50, F|100/100
|switch|p2a: Gengar|Gengar, L50, M|100/100
|switch|p2b: Incineroar|Incineroar, L50, F|100/100
|-ability|p2b: Incineroar|Intimidate|boost
|-unboost|p1a: Basculegion|atk|1
|-unboost|p1b: Floette|atk|1
|turn|1
|
|t:|1780537442
|detailschange|p2a: Gengar|Gengar-Mega, L50, M
|-mega|p2a: Gengar|Gengar|Gengarite
|detailschange|p1b: Floette|Floette-Mega, L50, F
|-mega|p1b: Floette|Floette|Floettite
|-ability|p1b: Floette|Fairy Aura
|move|p1a: Basculegion|Muddy Water|p2b: Incineroar|[spread] p2a,p2b
|-supereffective|p2b: Incineroar|1
|-damage|p2a: Gengar|60/100
|-damage|p2b: Incineroar|34/100
|-unboost|p2a: Gengar|accuracy|1
|move|p2a: Gengar|Shadow Ball|p1a: Basculegion
|-supereffective|p1a: Basculegion|1
|-damage|p1a: Basculegion|0 fnt
|faint|p1a: Basculegion
|move|p1b: Floette|Moonblast|p2b: Incineroar
|-damage|p2b: Incineroar|0 fnt
|faint|p2b: Incineroar
|
|upkeep
|
|t:|1780537456
|switch|p1a: Tyranitar|Tyranitar, L50, M|100/100
|switch|p2b: Politoed|Politoed, L50, F|100/100
|-weather|RainDance|[from] ability: Drizzle|[of] p2b: Politoed
|-weather|Sandstorm|[from] ability: Sand Stream|[of] p1a: Tyranitar
|turn|2
|
|t:|1780537480
|move|p2a: Gengar|Sludge Bomb|p1b: Floette
|-supereffective|p1b: Floette|1
|-damage|p1b: Floette|16/100
|-status|p1b: Floette|psn
|move|p1b: Floette|Moonblast|p2b: Politoed
|-damage|p2b: Politoed|42/100
|-enditem|p2b: Politoed|Sitrus Berry|[eat]
|-heal|p2b: Politoed|67/100|[from] item: Sitrus Berry
|move|p2b: Politoed|Weather Ball|p1b: Floette
|-damage|p1b: Floette|1/100 psn
|move|p1a: Tyranitar|Knock Off|p2a: Gengar
|-supereffective|p2a: Gengar|1
|-damage|p2a: Gengar|0 fnt
|faint|p2a: Gengar
|
|-weather|Sandstorm|[upkeep]
|-damage|p1b: Floette|0 fnt|[from] Sandstorm
|-damage|p2b: Politoed|61/100|[from] Sandstorm
|faint|p1b: Floette
|upkeep
|
|t:|1780537495
|switch|p2a: Archaludon|Archaludon, L50, F|100/100
|switch|p1b: Lycanroc|Lycanroc, L50, M, shiny|100/100
|turn|3
|
|t:|1780537512
|move|p1b: Lycanroc|Close Combat|p2a: Archaludon
|-supereffective|p2a: Archaludon|1
|-damage|p2a: Archaludon|38/100
|-unboost|p1b: Lycanroc|def|1
|-unboost|p1b: Lycanroc|spd|1
|-ability|p2a: Archaludon|Stamina|boost
|-boost|p2a: Archaludon|def|1
|move|p2a: Archaludon|Flash Cannon|p1b: Lycanroc
|-supereffective|p1b: Lycanroc|1
|-enditem|p1b: Lycanroc|Focus Sash
|-damage|p1b: Lycanroc|1/100
|move|p2b: Politoed|Weather Ball|p1b: Lycanroc
|-damage|p1b: Lycanroc|0 fnt
|faint|p1b: Lycanroc
|move|p1a: Tyranitar|Knock Off|p2a: Archaludon
|-damage|p2a: Archaludon|13/100
|-ability|p2a: Archaludon|Stamina|boost
|-boost|p2a: Archaludon|def|1
|-enditem|p2a: Archaludon|Leftovers|[from] move: Knock Off|[of] p1a: Tyranitar
|
|-weather|Sandstorm|[upkeep]
|-damage|p2b: Politoed|55/100|[from] Sandstorm
|upkeep
|turn|4
|
|t:|1780537539
|move|p2a: Archaludon|Flash Cannon|p1a: Tyranitar
|-supereffective|p1a: Tyranitar|1
|-damage|p1a: Tyranitar|59/100
|move|p2b: Politoed|Hypnosis|p1a: Tyranitar
|-status|p1a: Tyranitar|slp|[from] move: Hypnosis
|cant|p1a: Tyranitar|slp
|
|-weather|Sandstorm|[upkeep]
|-damage|p2b: Politoed|49/100|[from] Sandstorm
|upkeep
|turn|5
|
|t:|1780537547
|move|p2a: Archaludon|Flash Cannon|p1a: Tyranitar
|-supereffective|p1a: Tyranitar|1
|-damage|p1a: Tyranitar|18/100 slp
|move|p2b: Politoed|Weather Ball|p1a: Tyranitar
|-damage|p1a: Tyranitar|5/100 slp
|-curestatus|p1a: Tyranitar|slp|[msg]
|move|p1a: Tyranitar|Knock Off|p2a: Archaludon
|-damage|p2a: Archaludon|0 fnt
|faint|p2a: Archaludon
|
|-weather|Sandstorm|[upkeep]
|-damage|p2b: Politoed|43/100|[from] Sandstorm
|upkeep
|turn|6
|
|t:|1780537556
|move|p2b: Politoed|Weather Ball|p1a: Tyranitar
|-damage|p1a: Tyranitar|0 fnt
|faint|p1a: Tyranitar
|
|win|megagenger2023
|raw|bwahacough's rating: 1916 &rarr; <strong>1897</strong><br />(-19 for losing)
|raw|megagenger2023's rating: 1941 &rarr; <strong>1960</strong><br />(+19 for winning)
|l|☆bwahacough
|player|p1|
|l|☆megagenger2023
|player|p2|
