|j|☆klanes1209
|j|☆ToiletClogger456
|t:|1780091881
|gametype|doubles
|player|p1|klanes1209|1|2019
|player|p2|ToiletClogger456|barry|1876
|gen|9
|tier|[Gen 9 Champions] VGC 2026 Reg M-A
|rated|
|rule|Species Clause: Limit one of each Pokémon
|rule|Item Clause: Limit 1 of each item
|clearpoke
|poke|p1|Blastoise, L50, M|
|poke|p1|Garchomp, L50, F|
|poke|p1|Vivillon-Pokeball, L50, M|
|poke|p1|Sinistcha-Masterpiece, L50|
|poke|p1|Sneasler, L50, M|
|poke|p1|Pelipper, L50, M|
|poke|p2|Umbreon, L50, F, shiny|
|poke|p2|Sylveon, L50, F, shiny|
|poke|p2|Charizard, L50, M|
|poke|p2|Venusaur, L50, M|
|poke|p2|Basculegion, L50, M|
|poke|p2|Archaludon, L50, F|
|teampreview|4
|j| Wild Ghost
|j| lowk like dat
|
|t:|1780091910
|teamsize|p1|4
|teamsize|p2|4
|start
|switch|p1a: Blastoise|Blastoise, L50, M|100/100
|switch|p1b: Sneasler|Sneasler, L50, M|100/100
|switch|p2a: Umbreon|Umbreon, L50, F, shiny|100/100
|switch|p2b: Venusaur|Venusaur, L50, M|100/100
|turn|1
|
|t:|1780091947
|detailschange|p1a: Blastoise|Blastoise-Mega, L50, M
|-mega|p1a: Blastoise|Blastoise|Blastoisinite
|detailschange|p2b: Venusaur|Venusaur-Mega, L50, M
|-mega|p2b: Venusaur|Venusaur|Venusaurite
|move|p1a: Blastoise|Protect|p1a: Blastoise
|-singleturn|p1a: Blastoise|Protect
|move|p1b: Sneasler|Close Combat|p2a: Umbreon
|-supereffective|p2a: Umbreon|1
|-damage|p2a: Umbreon|18/100
|-unboost|p1b: Sneasler|def|1
|-unboost|p1b: Sneasler|spd|1
|-enditem|p1b: Sneasler|White Herb
|-clearnegativeboost|p1b: Sneasler|[silent]
|move|p2b: Venusaur|Earth Power|p1b: Sneasler
|-supereffective|p1b: Sneasler|1
|-damage|p1b: Sneasler|25/100
|move|p2a: Umbreon|Yawn|p1a: Blastoise
|-activate|p1a: Blastoise|move: Protect
|
|-heal|p2a: Umbreon|24/100|[from] item: Leftovers
|upkeep
|turn|2
|
|t:|1780091983
|switch|p1a: Vivillon|Vivillon-Pokeball, L50, M|100/100
|switch|p2a: Basculegion|Basculegion, L50, M|100/100
|move|p1b: Sneasler|Gunk Shot|p2b: Venusaur
|-damage|p2b: Venusaur|53/100
|move|p2b: Venusaur|Sludge Bomb|p1a: Vivillon
|-damage|p1a: Vivillon|26/100
|
|upkeep
|turn|3
|
|t:|1780092002
|move|p1a: Vivillon|Protect|p1a: Vivillon
|-singleturn|p1a: Vivillon|Protect
|move|p2a: Basculegion|Aqua Jet|p1a: Vivillon
|-activate|p1a: Vivillon|move: Protect
|move|p1b: Sneasler|Gunk Shot|p2b: Venusaur|[miss]
|-miss|p1b: Sneasler|p2b: Venusaur
|move|p2b: Venusaur|Earth Power|p1b: Sneasler
|-supereffective|p1b: Sneasler|1
|-damage|p1b: Sneasler|0 fnt
|faint|p1b: Sneasler
|
|upkeep
|
|t:|1780092019
|switch|p1b: Pelipper|Pelipper, L50, M|100/100
|-weather|RainDance|[from] ability: Drizzle|[of] p1b: Pelipper
|turn|4
|
|t:|1780092029
|switch|p1a: Blastoise|Blastoise-Mega, L50, M|100/100
|move|p2a: Basculegion|Aqua Jet|p1a: Blastoise
|-resisted|p1a: Blastoise|1
|-damage|p1a: Blastoise|78/100
|move|p1b: Pelipper|Hurricane|p2b: Venusaur
|-supereffective|p2b: Venusaur|1
|-damage|p2b: Venusaur|0 fnt
|faint|p2b: Venusaur
|
|-weather|RainDance|[upkeep]
|upkeep
|
|t:|1780092034
|switch|p2b: Sylveon|Sylveon, L50, F, shiny|100/100
|turn|5
|j| Arauros
|
|t:|1780092068
|move|p1a: Blastoise|Protect|p1a: Blastoise
|-singleturn|p1a: Blastoise|Protect
|move|p1b: Pelipper|Hurricane|p2a: Basculegion
|-damage|p2a: Basculegion|58/100
|move|p2a: Basculegion|Last Respects|p1b: Pelipper
|-damage|p1b: Pelipper|13/100
|move|p2b: Sylveon|Moonblast|p1a: Blastoise
|-activate|p1a: Blastoise|move: Protect
|
|-weather|RainDance|[upkeep]
|upkeep
|turn|6
|
|t:|1780092090
|move|p2a: Basculegion|Protect|p2a: Basculegion
|-singleturn|p2a: Basculegion|Protect
|move|p1b: Pelipper|Hurricane|p2a: Basculegion
|-activate|p2a: Basculegion|move: Protect
|move|p1a: Blastoise|Water Spout|p2a: Basculegion|[spread] p2b
|-activate|p2a: Basculegion|move: Protect
|-damage|p2b: Sylveon|33/100
|move|p2b: Sylveon|Hyper Voice|p1b: Pelipper|[spread] p1a,p1b
|-damage|p1a: Blastoise|36/100
|-damage|p1b: Pelipper|0 fnt
|faint|p1b: Pelipper
|
|-weather|RainDance|[upkeep]
|upkeep
|j| nelsoNJ
|
|t:|1780092105
|switch|p1b: Vivillon|Vivillon-Pokeball, L50, M|26/100
|turn|7
|
|t:|1780092120
|move|p1b: Vivillon|Protect|p1b: Vivillon
|-singleturn|p1b: Vivillon|Protect
|move|p2a: Basculegion|Aqua Jet|p1b: Vivillon
|-activate|p1b: Vivillon|move: Protect
|move|p1a: Blastoise|Dark Pulse|p2a: Basculegion
|-supereffective|p2a: Basculegion|1
|-damage|p2a: Basculegion|0 fnt
|faint|p2a: Basculegion
|move|p2b: Sylveon|Hyper Voice|p1a: Blastoise|[spread] p1a
|-activate|p1b: Vivillon|move: Protect
|-damage|p1a: Blastoise|0 fnt
|faint|p1a: Blastoise
|
|-weather|RainDance|[upkeep]
|upkeep
|
|t:|1780092123
|switch|p2a: Umbreon|Umbreon, L50, F, shiny|24/100
|turn|8
|
|t:|1780092141
|move|p1b: Vivillon|Hurricane|p2b: Sylveon
|-damage|p2b: Sylveon|0 fnt
|faint|p2b: Sylveon
|move|p2a: Umbreon|Snarl|p1b: Vivillon
|-damage|p1b: Vivillon|1/100
|-unboost|p1b: Vivillon|spa|1
|
|-weather|none
|-heal|p2a: Umbreon|30/100|[from] item: Leftovers
|upkeep
|turn|9
|
|t:|1780092152
|move|p1b: Vivillon|Sleep Powder|p2a: Umbreon
|-status|p2a: Umbreon|slp|[from] move: Sleep Powder
|cant|p2a: Umbreon|slp
|
|-heal|p2a: Umbreon|36/100 slp|[from] item: Leftovers
|upkeep
|turn|10
|
|t:|1780092161
|move|p1b: Vivillon|Hurricane|p2a: Umbreon
|-damage|p2a: Umbreon|17/100 slp
|-start|p2a: Umbreon|confusion
|-curestatus|p2a: Umbreon|slp|[msg]
|-activate|p2a: Umbreon|confusion
|-damage|p2a: Umbreon|12/100|[from] confusion
|
|-heal|p2a: Umbreon|18/100|[from] item: Leftovers
|upkeep
|turn|11
|
|t:|1780092174
|move|p1b: Vivillon|Sleep Powder|p2a: Umbreon
|-status|p2a: Umbreon|slp|[from] move: Sleep Powder
|cant|p2a: Umbreon|slp
|
|-heal|p2a: Umbreon|24/100 slp|[from] item: Leftovers
|upkeep
|turn|12
|l| Arauros
|
|t:|1780092184
|move|p1b: Vivillon|Hurricane|p2a: Umbreon
|-damage|p2a: Umbreon|4/100 slp
|-curestatus|p2a: Umbreon|slp|[msg]
|-activate|p2a: Umbreon|confusion
|move|p2a: Umbreon|Foul Play|p1b: Vivillon
|-damage|p1b: Vivillon|0 fnt
|faint|p1b: Vivillon
|
|win|ToiletClogger456
|raw|klanes1209's rating: 2019 &rarr; <strong>1991</strong><br />(-28 for losing)
|raw|ToiletClogger456's rating: 1876 &rarr; <strong>1904</strong><br />(+28 for winning)
|c| lowk like dat|wow
|l| lowk like dat
|l|☆klanes1209
|player|p1|
|c|☆ToiletClogger456|umbreon goat
|l| Wild Ghost
|l|☆ToiletClogger456
|player|p2|
|j|☆klanes1209
|player|p1|klanes1209|1|
|l| nelsoNJ
