|j|☆Pasodoble
|j|☆Grade a type b
|t:|1779075316
|gametype|doubles
|player|p1|Pasodoble|101|1856
|player|p2|Grade a type b|266|1920
|gen|9
|tier|[Gen 9 Champions] VGC 2026 Reg M-A
|rated|
|rule|Species Clause: Limit one of each Pokémon
|rule|Item Clause: Limit 1 of each item
|clearpoke
|poke|p1|Scovillain, L50, M|
|poke|p1|Sylveon, L50, M|
|poke|p1|Tyranitar, L50, M|
|poke|p1|Excadrill, L50, M|
|poke|p1|Sinistcha, L50|
|poke|p1|Basculegion, L50, M|
|poke|p2|Charizard, L50, M|
|poke|p2|Basculegion, L50, M|
|poke|p2|Kommo-o, L50, M|
|poke|p2|Whimsicott, L50, M|
|poke|p2|Kingambit, L50, M|
|poke|p2|Kleavor, L50, M|
|teampreview|4
|inactive|Battle timer is ON: inactive players will automatically lose when time's up. (requested by Grade a type b)
|j| AlexMXVGC
|j| pedroemiya
|j| Rabbithorn05
|inactive|Pasodoble has 60 seconds left.
|inactive|Grade a type b has 60 seconds left.
|
|t:|1779075360
|teamsize|p1|4
|teamsize|p2|4
|start
|switch|p1a: Tyranitar|Tyranitar, L50, M|100/100
|switch|p1b: Excadrill|Excadrill, L50, M|100/100
|switch|p2a: Emergency Button|Whimsicott, L50, M|100/100
|switch|p2b: Kleavor|Kleavor, L50, M|100/100
|-weather|Sandstorm|[from] ability: Sand Stream|[of] p1a: Tyranitar
|turn|1
|
|t:|1779075378
|move|p2a: Emergency Button|Protect|p2a: Emergency Button
|-singleturn|p2a: Emergency Button|Protect
|move|p1b: Excadrill|Iron Head|p2b: Kleavor
|-supereffective|p2b: Kleavor|1
|-damage|p2b: Kleavor|0 fnt
|faint|p2b: Kleavor
|move|p1a: Tyranitar|Rock Slide|p2a: Emergency Button
|-activate|p2a: Emergency Button|move: Protect
|
|-weather|Sandstorm|[upkeep]
|-damage|p2a: Emergency Button|94/100|[from] Sandstorm
|upkeep
|
|t:|1779075386
|switch|p2b: Atom Bomb|Basculegion, L50, M|100/100
|turn|2
|
|t:|1779075397
|switch|p2a: Jurassic Park|Charizard, L50, M|100/100
|switch|p1a: Basculegion|Basculegion, L50, M|100/100
|move|p1b: Excadrill|Iron Head|p2a: Jurassic Park
|-resisted|p2a: Jurassic Park|1
|-damage|p2a: Jurassic Park|65/100
|move|p2b: Atom Bomb|Wave Crash|p1a: Basculegion
|-resisted|p1a: Basculegion|1
|-damage|p1a: Basculegion|48/100
|-damage|p2b: Atom Bomb|83/100|[from] Recoil
|
|-weather|Sandstorm|[upkeep]
|-damage|p1a: Basculegion|42/100|[from] Sandstorm
|-damage|p2b: Atom Bomb|77/100|[from] Sandstorm
|-damage|p2a: Jurassic Park|59/100|[from] Sandstorm
|upkeep
|turn|3
|inactive|Pasodoble has 30 seconds left.
|
|t:|1779075426
|switch|p2b: Emergency Button|Whimsicott, L50, M|94/100
|move|p1b: Excadrill|Protect|p1b: Excadrill
|-singleturn|p1b: Excadrill|Protect
|move|p2a: Jurassic Park|Protect|p2a: Jurassic Park
|-singleturn|p2a: Jurassic Park|Protect
|move|p1a: Basculegion|Flip Turn|p2b: Emergency Button
|-resisted|p2b: Emergency Button|1
|-damage|p2b: Emergency Button|65/100
|
|t:|1779075436
|switch|p1a: Tyranitar|Tyranitar, L50, M|100/100|[from] Flip Turn
|
|-weather|Sandstorm|[upkeep]
|-damage|p2b: Emergency Button|59/100|[from] Sandstorm
|-damage|p2a: Jurassic Park|53/100|[from] Sandstorm
|upkeep
|turn|4
|
|t:|1779075453
|switch|p1b: Sylveon|Sylveon, L50, M|100/100
|switch|p2a: Atom Bomb|Basculegion, L50, M|77/100
|detailschange|p1a: Tyranitar|Tyranitar-Mega, L50, M
|-mega|p1a: Tyranitar|Tyranitar|Tyranitarite
|move|p2b: Emergency Button|Encore||[still]
|-fail|p2b: Emergency Button
|move|p1a: Tyranitar|Rock Slide|p2a: Atom Bomb|[spread] p2a,p2b
|-damage|p2a: Atom Bomb|31/100
|-damage|p2b: Emergency Button|6/100
|
|-weather|Sandstorm|[upkeep]
|-damage|p2a: Atom Bomb|25/100|[from] Sandstorm
|-damage|p2b: Emergency Button|1/100|[from] Sandstorm
|-damage|p1b: Sylveon|94/100|[from] Sandstorm
|-heal|p1b: Sylveon|100/100|[from] item: Leftovers
|upkeep
|turn|5
|-message|Grade a type b forfeited.
|
|win|Pasodoble
|raw|Pasodoble's rating: 1856 &rarr; <strong>1880</strong><br />(+24 for winning)
|raw|Grade a type b's rating: 1920 &rarr; <strong>1896</strong><br />(-24 for losing)
|l|☆Grade a type b
|player|p2|
|l| pedroemiya
|l| AlexMXVGC
|l|☆Pasodoble
|player|p1|
|l| Rabbithorn05
