|j|☆Pasodoble
|j|☆Murphy's kitchen
|t:|1779907919
|gametype|doubles
|player|p1|Pasodoble|2|1911
|player|p2|Murphy's kitchen|1|1893
|gen|9
|tier|[Gen 9 Champions] VGC 2026 Reg M-A
|rated|
|rule|Species Clause: Limit one of each Pokémon
|rule|Item Clause: Limit 1 of each item
|clearpoke
|poke|p1|Excadrill, L50, M|
|poke|p1|Tyranitar, L50, M|
|poke|p1|Sinistcha, L50|
|poke|p1|Incineroar, L50, M|
|poke|p1|Palafin, L50, M|
|poke|p1|Venusaur, L50, F|
|poke|p2|Excadrill, L50, M|
|poke|p2|Hydreigon, L50, M|
|poke|p2|Rotom-Wash, L50|
|poke|p2|Scovillain, L50, M|
|poke|p2|Sneasler, L50, M|
|poke|p2|Tyranitar, L50, M|
|teampreview|4
|
|t:|1779907952
|teamsize|p1|4
|teamsize|p2|4
|start
|switch|p1a: Venusaur|Venusaur, L50, F|100/100
|switch|p1b: Palafin|Palafin, L50, M|100/100
|switch|p2a: Sneasler|Sneasler, L50, M|100/100
|switch|p2b: Scovillain|Scovillain, L50, M|100/100
|turn|1
|
|t:|1779907984
|switch|p2b: Excadrill|Excadrill, L50, M|100/100
|detailschange|p1a: Venusaur|Venusaur-Mega, L50, F
|-mega|p1a: Venusaur|Venusaur|Venusaurite
|move|p2a: Sneasler|Close Combat|p1b: Palafin
|-damage|p1b: Palafin|37/100
|-unboost|p2a: Sneasler|def|1
|-unboost|p2a: Sneasler|spd|1
|-enditem|p2a: Sneasler|White Herb
|-clearnegativeboost|p2a: Sneasler|[silent]
|move|p1b: Palafin|Flip Turn|p2a: Sneasler
|-damage|p2a: Sneasler|65/100
|
|t:|1779907995
|detailschange|p1b: Palafin|Palafin-Hero, L50, M
|switch|p1b: Incineroar|Incineroar, L50, M|100/100|[from] Flip Turn
|-ability|p1b: Incineroar|Intimidate|boost
|-unboost|p2a: Sneasler|atk|1
|-unboost|p2b: Excadrill|atk|1
|move|p1a: Venusaur|Sludge Bomb|p2b: Excadrill
|-immune|p2b: Excadrill
|
|upkeep
|turn|2
|
|t:|1779908017
|switch|p2a: Scovillain|Scovillain, L50, M|100/100
|switch|p2b: Hydreigon|Hydreigon, L50, M|100/100
|move|p1a: Venusaur|Earth Power|p2a: Scovillain
|-damage|p2a: Scovillain|62/100
|move|p1b: Incineroar|Flare Blitz|p2b: Hydreigon
|-resisted|p2b: Hydreigon|1
|-damage|p2b: Hydreigon|73/100
|-damage|p1b: Incineroar|92/100|[from] Recoil
|
|-ability|p2a: Scovillain|Moody|boost
|-boost|p2a: Scovillain|spe|2
|-unboost|p2a: Scovillain|spd|1
|upkeep
|turn|3
|
|t:|1779908053
|move|p2a: Scovillain|Protect|p2a: Scovillain
|-singleturn|p2a: Scovillain|Protect
|move|p2b: Hydreigon|Snarl|p1b: Incineroar|[spread] p1a,p1b
|-resisted|p1b: Incineroar|1
|-damage|p1a: Venusaur|82/100
|-damage|p1b: Incineroar|82/100
|-unboost|p1a: Venusaur|spa|1
|-unboost|p1b: Incineroar|spa|1
|move|p1a: Venusaur|Sludge Bomb|p2a: Scovillain
|-activate|p2a: Scovillain|move: Protect
|move|p1b: Incineroar|Parting Shot|p2b: Hydreigon
|-unboost|p2b: Hydreigon|atk|1
|-unboost|p2b: Hydreigon|spa|1
|
|t:|1779908062
|switch|p1b: Palafin|Palafin-Hero, L50, M|37/100|[from] Parting Shot
|-activate|p1b: Palafin|ability: Zero to Hero
|
|-ability|p2a: Scovillain|Moody|boost
|-boost|p2a: Scovillain|spe|2
|-unboost|p2a: Scovillain|spd|1
|upkeep
|turn|4
|
|t:|1779908079
|detailschange|p2a: Scovillain|Scovillain-Mega, L50, M
|-mega|p2a: Scovillain|Scovillain|Scovillainite
|move|p1b: Palafin|Protect|p1b: Palafin
|-singleturn|p1b: Palafin|Protect
|move|p2a: Scovillain|Rage Powder|p2a: Scovillain
|-singleturn|p2a: Scovillain|move: Rage Powder
|move|p2b: Hydreigon|Snarl|p1b: Palafin|[spread] p1a
|-activate|p1b: Palafin|move: Protect
|-damage|p1a: Venusaur|70/100
|-unboost|p1a: Venusaur|spa|1
|move|p1a: Venusaur|Sludge Bomb|p2a: Scovillain
|-supereffective|p2a: Scovillain|1
|-damage|p2a: Scovillain|0 fnt
|-status|p1a: Venusaur|brn|[from] ability: Spicy Spray|[of] p2a: Scovillain
|faint|p2a: Scovillain
|
|-damage|p1a: Venusaur|64/100 brn|[from] brn
|upkeep
|
|t:|1779908102
|switch|p2a: Excadrill|Excadrill, L50, M|100/100
|turn|5
|
|t:|1779908114
|switch|p1a: Sinistcha|Sinistcha, L50|100/100
|-heal|p1b: Palafin|61/100|[from] ability: Hospitality|[of] p1a: Sinistcha
|move|p1b: Palafin|Jet Punch|p2a: Excadrill
|-supereffective|p2a: Excadrill|1
|-enditem|p2a: Excadrill|Focus Sash
|-damage|p2a: Excadrill|1/100
|move|p2b: Hydreigon|Snarl|p1a: Sinistcha|[spread] p1a,p1b
|-supereffective|p1a: Sinistcha|1
|-damage|p1a: Sinistcha|68/100
|-damage|p1b: Palafin|48/100
|-unboost|p1a: Sinistcha|spa|1
|-unboost|p1b: Palafin|spa|1
|move|p2a: Excadrill|Earthquake|p1b: Palafin|[spread] p1a,p1b
|-immune|p2b: Hydreigon|[from] ability: Levitate
|-resisted|p1a: Sinistcha|1
|-damage|p1a: Sinistcha|50/100y
|-damage|p1b: Palafin|11/100
|-enditem|p1a: Sinistcha|Sitrus Berry|[eat]
|-heal|p1a: Sinistcha|74/100|[from] item: Sitrus Berry
|
|upkeep
|turn|6
|
|t:|1779908138
|switch|p2a: Sneasler|Sneasler, L50, M|65/100
|switch|p1b: Incineroar|Incineroar, L50, M|82/100
|-ability|p1b: Incineroar|Intimidate|boost
|-unboost|p2a: Sneasler|atk|1
|-unboost|p2b: Hydreigon|atk|1
|move|p2b: Hydreigon|Snarl|p1b: Incineroar|[spread] p1a,p1b
|-supereffective|p1a: Sinistcha|1
|-resisted|p1b: Incineroar|1
|-damage|p1a: Sinistcha|44/100
|-damage|p1b: Incineroar|76/100
|-unboost|p1a: Sinistcha|spa|1
|-unboost|p1b: Incineroar|spa|1
|move|p1a: Sinistcha|Trick Room|p1a: Sinistcha
|-fieldstart|move: Trick Room|[of] p1a: Sinistcha
|
|upkeep
|turn|7
|
|t:|1779908161
|switch|p1b: Palafin|Palafin-Hero, L50, M|11/100
|move|p1a: Sinistcha|Life Dew|p1a: Sinistcha|[spread] p1a,p1b
|-heal|p1a: Sinistcha|69/100
|-heal|p1b: Palafin|36/100
|move|p2a: Sneasler|Dire Claw|p1a: Sinistcha
|-damage|p1a: Sinistcha|47/100
|move|p2b: Hydreigon|Snarl|p1b: Palafin|[spread] p1a,p1b
|-supereffective|p1a: Sinistcha|1
|-damage|p1a: Sinistcha|19/100
|-damage|p1b: Palafin|22/100
|-unboost|p1a: Sinistcha|spa|1
|-unboost|p1b: Palafin|spa|1
|
|upkeep
|turn|8
|
|t:|1779908209
|switch|p2b: Excadrill|Excadrill, L50, M|1/100
|move|p2a: Sneasler|Protect|p2a: Sneasler
|-singleturn|p2a: Sneasler|Protect
|move|p1a: Sinistcha|Life Dew|p1a: Sinistcha|[spread] p1a,p1b
|-heal|p1a: Sinistcha|44/100
|-heal|p1b: Palafin|47/100
|move|p1b: Palafin|Wave Crash|p2a: Sneasler
|-activate|p2a: Sneasler|move: Protect
|
|upkeep
|turn|9
|
|t:|1779908232
|switch|p2a: Hydreigon|Hydreigon, L50, M|73/100
|move|p2b: Excadrill|Protect|p2b: Excadrill
|-singleturn|p2b: Excadrill|Protect
|move|p1a: Sinistcha|Matcha Gotcha|p2b: Excadrill|[spread] 
|-activate|p2b: Excadrill|move: Protect
|-miss|p1a: Sinistcha|p2a: Hydreigon
|move|p1b: Palafin|Wave Crash|p2a: Hydreigon
|-resisted|p2a: Hydreigon|1
|-damage|p2a: Hydreigon|23/100
|-damage|p1b: Palafin|33/100|[from] Recoil
|
|upkeep
|turn|10
|
|t:|1779908281
|switch|p2b: Sneasler|Sneasler, L50, M|65/100
|move|p1a: Sinistcha|Matcha Gotcha|p2b: Sneasler|[spread] p2a,p2b
|-resisted|p2a: Hydreigon|1
|-resisted|p2b: Sneasler|1
|-damage|p2a: Hydreigon|18/100
|-heal|p1a: Sinistcha|47/100|[from] drain|[of] p2a: Hydreigon
|-damage|p2b: Sneasler|60/100
|-heal|p1a: Sinistcha|50/100g|[from] drain|[of] p2b: Sneasler
|move|p1b: Palafin|Wave Crash|p2a: Hydreigon
|-resisted|p2a: Hydreigon|1
|-damage|p2a: Hydreigon|0 fnt
|faint|p2a: Hydreigon
|-damage|p1b: Palafin|28/100|[from] Recoil
|
|-fieldend|move: Trick Room
|upkeep
|inactive|Battle timer is ON: inactive players will automatically lose when time's up. (requested by Pasodoble)
|
|t:|1779908298
|switch|p2a: Excadrill|Excadrill, L50, M|1/100
|turn|11
|
|t:|1779908320
|switch|p1a: Incineroar|Incineroar, L50, M|76/100
|-ability|p1a: Incineroar|Intimidate|boost
|-unboost|p2a: Excadrill|atk|1
|-unboost|p2b: Sneasler|atk|1
|move|p1b: Palafin|Protect|p1b: Palafin
|-singleturn|p1b: Palafin|Protect
|move|p2b: Sneasler|Close Combat|p1a: Incineroar
|-supereffective|p1a: Incineroar|1
|-enditem|p1a: Incineroar|Chople Berry|[eat]
|-enditem|p1a: Incineroar|Chople Berry|[weaken]
|-damage|p1a: Incineroar|43/100
|-unboost|p2b: Sneasler|def|1
|-unboost|p2b: Sneasler|spd|1
|move|p2a: Excadrill|Rock Tomb|p1a: Incineroar
|-supereffective|p1a: Incineroar|1
|-crit|p1a: Incineroar
|-damage|p1a: Incineroar|0 fnt
|faint|p1a: Incineroar
|
|upkeep
|
|t:|1779908331
|switch|p1a: Sinistcha|Sinistcha, L50|50/100g
|-heal|p1b: Palafin|52/100|[from] ability: Hospitality|[of] p1a: Sinistcha
|turn|12
|
|t:|1779908347
|move|p2b: Sneasler|Protect|p2b: Sneasler
|-singleturn|p2b: Sneasler|Protect
|move|p1b: Palafin|Jet Punch|p2b: Sneasler
|-activate|p2b: Sneasler|move: Protect
|move|p2a: Excadrill|Earthquake|p1b: Palafin|[spread] p1a,p1b
|-activate|p2b: Sneasler|move: Protect
|-resisted|p1a: Sinistcha|1
|-damage|p1a: Sinistcha|40/100
|-damage|p1b: Palafin|26/100
|move|p1a: Sinistcha|Trick Room|p1a: Sinistcha
|-fieldstart|move: Trick Room|[of] p1a: Sinistcha
|
|upkeep
|turn|13
|inactive|Murphy's kitchen has 30 seconds left.
|
|t:|1779908374
|move|p2a: Excadrill|Protect|p2a: Excadrill
|-singleturn|p2a: Excadrill|Protect
|move|p1b: Palafin|Jet Punch|p2b: Sneasler
|-damage|p2b: Sneasler|0 fnt
|faint|p2b: Sneasler
|move|p1a: Sinistcha|Life Dew|p1a: Sinistcha|[spread] p1a,p1b
|-heal|p1a: Sinistcha|65/100
|-heal|p1b: Palafin|51/100
|
|upkeep
|turn|14
|-message|Murphy's kitchen forfeited.
|
|win|Pasodoble
|raw|Pasodoble's rating: 1911 &rarr; <strong>1930</strong><br />(+19 for winning)
|raw|Murphy&apos;s kitchen's rating: 1893 &rarr; <strong>1874</strong><br />(-19 for losing)
|l|☆Murphy's kitchen
|player|p2|
|l|☆Pasodoble
|player|p1|
