|j|☆Krisuerte
|j|☆moat_vgcf
|t:|1778242977
|gametype|doubles
|player|p1|Krisuerte|169|1836
|player|p2|moat_vgcf|lance|1778
|gen|9
|tier|[Gen 9 Champions] VGC 2026 Reg M-A
|rated|
|rule|Species Clause: Limit one of each Pokémon
|rule|Item Clause: Limit 1 of each item
|clearpoke
|poke|p1|Tyranitar, L50, F|
|poke|p1|Basculegion, L50, M|
|poke|p1|Excadrill, L50, F|
|poke|p1|Incineroar, L50, M|
|poke|p1|Rotom-Wash, L50|
|poke|p1|Corviknight, L50, M|
|poke|p2|Charizard, L50, F|
|poke|p2|Sneasler, L50, M|
|poke|p2|Kingambit, L50, F|
|poke|p2|Garchomp, L50, F|
|poke|p2|Floette-Eternal, L50, F|
|poke|p2|Aerodactyl, L50, M|
|teampreview|4
|inactive|Battle timer is ON: inactive players will automatically lose when time's up. (requested by Krisuerte)
|
|t:|1778243010
|teamsize|p1|4
|teamsize|p2|4
|start
|switch|p1a: Rotom|Rotom-Wash, L50|100/100
|switch|p1b: Basculegion|Basculegion, L50, M|100/100
|switch|p2a: Sneasler|Sneasler, L50, M|100/100
|switch|p2b: Aerodactyl|Aerodactyl, L50, M|100/100
|-ability|p2b: Aerodactyl|Unnerve
|turn|1
|j| ali66
|
|t:|1778243040
|move|p2a: Sneasler|Fake Out|p1a: Rotom
|-damage|p1a: Rotom|79/100
|cant|p1a: Rotom|flinch
|move|p2b: Aerodactyl|Rock Slide|p1b: Basculegion|[spread] p1a,p1b
|-damage|p1a: Rotom|48/100
|-damage|p1b: Basculegion|72/100
|move|p1b: Basculegion|Wave Crash|p2a: Sneasler
|-damage|p2a: Sneasler|0 fnt
|faint|p2a: Sneasler
|-damage|p1b: Basculegion|45/100|[from] Recoil
|
|upkeep
|inactive|moat_vgcf has 30 seconds left.
|
|t:|1778243074
|switch|p2a: Garchomp|Garchomp, L50, F|100/100
|turn|2
|
|t:|1778243093
|move|p2b: Aerodactyl|Protect|p2b: Aerodactyl
|-singleturn|p2b: Aerodactyl|Protect
|move|p2a: Garchomp|Protect|p2a: Garchomp
|-singleturn|p2a: Garchomp|Protect
|move|p1b: Basculegion|Aqua Jet|p2a: Garchomp
|-activate|p2a: Garchomp|move: Protect
|move|p1a: Rotom|Hydro Pump|p2a: Garchomp
|-activate|p2a: Garchomp|move: Protect
|
|upkeep
|turn|3
|j| schneoder
|inactive|moat_vgcf has 30 seconds left.
|
|t:|1778243127
|move|p1b: Basculegion|Aqua Jet|p2a: Garchomp
|-damage|p2a: Garchomp|64/100
|-damage|p1b: Basculegion|33/100|[from] ability: Rough Skin|[of] p2a: Garchomp
|move|p1a: Rotom|Hydro Pump|p2a: Garchomp
|-damage|p2a: Garchomp|9/100
|move|p2b: Aerodactyl|Tailwind|p2b: Aerodactyl
|-sidestart|p2: moat_vgcf|move: Tailwind
|move|p2a: Garchomp|Dragon Claw|p1a: Rotom
|-damage|p1a: Rotom|0 fnt
|faint|p1a: Rotom
|
|upkeep
|
|t:|1778243143
|switch|p1a: Tyranitar|Tyranitar, L50, F|100/100
|-weather|Sandstorm|[from] ability: Sand Stream|[of] p1a: Tyranitar
|turn|4
|
|t:|1778243151
|detailschange|p1a: Tyranitar|Tyranitar-Mega, L50, F
|-mega|p1a: Tyranitar|Tyranitar|Tyranitarite
|move|p2a: Garchomp|Protect|p2a: Garchomp
|-singleturn|p2a: Garchomp|Protect
|move|p1b: Basculegion|Aqua Jet|p2b: Aerodactyl
|-supereffective|p2b: Aerodactyl|1
|-enditem|p2b: Aerodactyl|Focus Sash
|-damage|p2b: Aerodactyl|1/100
|move|p2b: Aerodactyl|Rock Slide|p1b: Basculegion|[spread] p1a,p1b
|-damage|p1a: Tyranitar|85/100
|-damage|p1b: Basculegion|2/100
|move|p1a: Tyranitar|Rock Slide|p2a: Garchomp|[spread] p2b
|-activate|p2a: Garchomp|move: Protect
|-supereffective|p2b: Aerodactyl|1
|-damage|p2b: Aerodactyl|0 fnt
|faint|p2b: Aerodactyl
|
|-weather|Sandstorm|[upkeep]
|-damage|p1b: Basculegion|0 fnt|[from] Sandstorm
|faint|p1b: Basculegion
|upkeep
|inactive|Krisuerte has 30 seconds left.
|
|t:|1778243182
|switch|p2b: Charizard|Charizard, L50, F|100/100
|switch|p1b: Excadrill|Excadrill, L50, F|100/100
|turn|5
|inactive|Krisuerte has 30 seconds left.
|
|t:|1778243208
|detailschange|p2b: Charizard|Charizard-Mega-Y, L50, F
|-mega|p2b: Charizard|Charizard|Charizardite Y
|-weather|SunnyDay|[from] ability: Drought|[of] p2b: Charizard
|move|p1a: Tyranitar|Protect|p1a: Tyranitar
|-singleturn|p1a: Tyranitar|Protect
|move|p2a: Garchomp|Earthquake|p1b: Excadrill|[spread] p1b
|-activate|p1a: Tyranitar|move: Protect
|-immune|p2b: Charizard
|-supereffective|p1b: Excadrill|1
|-enditem|p1b: Excadrill|Focus Sash
|-damage|p1b: Excadrill|1/100
|move|p2b: Charizard|Heat Wave|p1a: Tyranitar|[spread] p1b
|-activate|p1a: Tyranitar|move: Protect
|-supereffective|p1b: Excadrill|1
|-damage|p1b: Excadrill|0 fnt
|faint|p1b: Excadrill
|
|-weather|SunnyDay|[upkeep]
|upkeep
|turn|6
|inactive|Krisuerte has 30 seconds left.
|inactive|Krisuerte has 20 seconds left.
|inactive|Krisuerte has 15 seconds left.
|inactive|Krisuerte has 10 seconds left.
|inactive|Krisuerte has 5 seconds left.
|
|t:|1778243263
|move|p2a: Garchomp|Earthquake|p1a: Tyranitar|[spread] p1a
|-immune|p2b: Charizard
|-supereffective|p1a: Tyranitar|1
|-damage|p1a: Tyranitar|40/100
|move|p2b: Charizard|Solar Beam||[still]
|-prepare|p2b: Charizard|Solar Beam
|-anim|p2b: Charizard|Solar Beam|p1a: Tyranitar
|-supereffective|p1a: Tyranitar|1
|-damage|p1a: Tyranitar|0 fnt
|faint|p1a: Tyranitar
|
|win|moat_vgcf
|raw|Krisuerte's rating: 1836 &rarr; <strong>1813</strong><br />(-23 for losing)
|raw|moat_vgcf's rating: 1778 &rarr; <strong>1801</strong><br />(+23 for winning)
|l| ali66
