|j|‽Matumotomasao
|j|☆tcatw132
|t:|1778075593
|gametype|doubles
|player|p1|Matumotomasao|170|1766
|player|p2|tcatw132|265|1719
|gen|9
|tier|[Gen 9 Champions] VGC 2026 Reg M-A
|rated|
|rule|Species Clause: Limit one of each Pokémon
|rule|Item Clause: Limit 1 of each item
|clearpoke
|poke|p1|Tyranitar, L50, M|
|poke|p1|Sandaconda, L50, M|
|poke|p1|Meowstic, L50, M|
|poke|p1|Delphox, L50, F|
|poke|p1|Klefki, L50, F|
|poke|p1|Sinistcha-Masterpiece, L50|
|poke|p2|Charizard, L50, F|
|poke|p2|Weavile, L50, M|
|poke|p2|Glimmora, L50, F|
|poke|p2|Basculegion, L50, M|
|poke|p2|Whimsicott, L50, M|
|poke|p2|Garchomp, L50, M|
|teampreview|4
|j| whgsosla
|j| 67sigmagrindset
|j| shanehuang
|j| ryomen sugoona
|inactive|Battle timer is ON: inactive players will automatically lose when time's up. (requested by Matumotomasao)
|inactive|tcatw132 has 60 seconds left.
|
|t:|1778075676
|teamsize|p1|4
|teamsize|p2|4
|start
|switch|p1a: Sandaconda|Sandaconda, L50, M|100/100
|switch|p1b: Meowstic|Meowstic, L50, M|100/100
|switch|p2a: Weavile|Weavile, L50, M|100/100
|switch|p2b: Basculegion|Basculegion, L50, M|100/100
|turn|1
|
|t:|1778075692
|move|p1a: Sandaconda|Protect|p1a: Sandaconda
|-singleturn|p1a: Sandaconda|Protect
|move|p2a: Weavile|Fake Out|p1b: Meowstic
|-damage|p1b: Meowstic|87/100
|cant|p1b: Meowstic|flinch
|move|p2b: Basculegion|Wave Crash|p1a: Sandaconda
|-activate|p1a: Sandaconda|move: Protect
|
|upkeep
|turn|2
|
|t:|1778075702
|move|p2b: Basculegion|Protect|p2b: Basculegion
|-singleturn|p2b: Basculegion|Protect
|move|p1b: Meowstic|Charm|p2b: Basculegion
|-activate|p2b: Basculegion|move: Protect
|move|p2a: Weavile|Knock Off|p1b: Meowstic
|-supereffective|p1b: Meowstic|1
|-damage|p1b: Meowstic|0 fnt
|-enditem|p1b: Meowstic|Bright Powder|[from] move: Knock Off|[of] p2a: Weavile
|faint|p1b: Meowstic
|move|p1a: Sandaconda|Minimize|p1a: Sandaconda
|-boost|p1a: Sandaconda|evasion|2
|
|upkeep
|
|t:|1778075710
|switch|p1b: Tyranitar|Tyranitar, L50, M|100/100
|-weather|Sandstorm|[from] ability: Sand Stream|[of] p1b: Tyranitar
|turn|3
|
|t:|1778075721
|move|p1b: Tyranitar|Knock Off|p2b: Basculegion
|-supereffective|p2b: Basculegion|1
|-enditem|p2b: Basculegion|Colbur Berry|[eat]
|-enditem|p2b: Basculegion|Colbur Berry|[weaken]
|-damage|p2b: Basculegion|39/100
|move|p2a: Weavile|Low Kick|p1b: Tyranitar
|-supereffective|p1b: Tyranitar|2
|-damage|p1b: Tyranitar|0 fnt
|faint|p1b: Tyranitar
|move|p2b: Basculegion|Wave Crash|p1a: Sandaconda|[miss]
|-miss|p2b: Basculegion|p1a: Sandaconda
|move|p1a: Sandaconda|Iron Defense|p1a: Sandaconda
|-boost|p1a: Sandaconda|def|2
|
|-weather|Sandstorm|[upkeep]
|-damage|p2a: Weavile|93/100|[from] Sandstorm
|-damage|p2b: Basculegion|33/100|[from] Sandstorm
|upkeep
|
|t:|1778075726
|switch|p1b: Klefki|Klefki, L50, F|100/100
|turn|4
|
|t:|1778075741
|switch|p2a: Charizard|Charizard, L50, F|100/100
|switch|p2b: Whimsicott|Whimsicott, L50, M|100/100
|move|p1b: Klefki|Psych Up|p1a: Sandaconda
|-copyboost|p1b: Klefki|p1a: Sandaconda|[from] move: Psych Up
|move|p1a: Sandaconda|Minimize|p1a: Sandaconda
|-boost|p1a: Sandaconda|evasion|2
|
|-weather|Sandstorm|[upkeep]
|-damage|p2b: Whimsicott|93/100|[from] Sandstorm
|-damage|p2a: Charizard|94/100|[from] Sandstorm
|upkeep
|turn|5
|
|t:|1778075761
|detailschange|p2a: Charizard|Charizard-Mega-Y, L50, F
|-mega|p2a: Charizard|Charizard|Charizardite Y
|-weather|SunnyDay|[from] ability: Drought|[of] p2a: Charizard
|move|p2b: Whimsicott|Encore|p1b: Klefki
|-start|p1b: Klefki|Encore
|move|p1b: Klefki|Psych Up|p2a: Charizard
|-copyboost|p1b: Klefki|p2a: Charizard|[from] move: Psych Up
|move|p2a: Charizard|Heat Wave|p1a: Sandaconda|[spread] p1b
|-miss|p2a: Charizard|p1a: Sandaconda
|-supereffective|p1b: Klefki|1
|-damage|p1b: Klefki|0 fnt
|faint|p1b: Klefki
|move|p1a: Sandaconda|Minimize|p1a: Sandaconda
|-boost|p1a: Sandaconda|evasion|2
|
|-weather|SunnyDay|[upkeep]
|upkeep
|turn|6
|
|t:|1778075778
|move|p2b: Whimsicott|Encore|p1a: Sandaconda
|-start|p1a: Sandaconda|Encore
|move|p2a: Charizard|Solar Beam||[still]
|-prepare|p2a: Charizard|Solar Beam
|-anim|p2a: Charizard|Solar Beam|p1a: Sandaconda|[miss]
|-miss|p2a: Charizard|p1a: Sandaconda
|move|p1a: Sandaconda|Minimize|p1a: Sandaconda
|-boost|p1a: Sandaconda|evasion|0
|
|-weather|SunnyDay|[upkeep]
|upkeep
|turn|7
|
|t:|1778075789
|move|p2b: Whimsicott|Moonblast|p1a: Sandaconda|[miss]
|-miss|p2b: Whimsicott|p1a: Sandaconda
|move|p2a: Charizard|Solar Beam||[still]
|-prepare|p2a: Charizard|Solar Beam
|-anim|p2a: Charizard|Solar Beam|p1a: Sandaconda
|-supereffective|p1a: Sandaconda|1
|-damage|p1a: Sandaconda|0 fnt
|faint|p1a: Sandaconda
|
|win|tcatw132
|raw|Matumotomasao's rating: 1766 &rarr; <strong>1743</strong><br />(-23 for losing)
|raw|tcatw132's rating: 1719 &rarr; <strong>1742</strong><br />(+23 for winning)
|l|‽Matumotomasao
|player|p1|
|l| ryomen sugoona
|l|☆tcatw132
|player|p2|
