|j|☆sagthebag
|j|☆blackpinklisahater
|t:|1778650169
|gametype|doubles
|player|p1|sagthebag|ghetsis|1792
|player|p2|blackpinklisahater|101|1893
|gen|9
|tier|[Gen 9 Champions] VGC 2026 Reg M-A
|rated|
|rule|Species Clause: Limit one of each Pokémon
|rule|Item Clause: Limit 1 of each item
|clearpoke
|poke|p1|Kangaskhan, L50, F|
|poke|p1|Farigiraf, L50, F|
|poke|p1|Torkoal, L50, M|
|poke|p1|Sneasler, L50, F|
|poke|p1|Charizard, L50, M|
|poke|p1|Primarina, L50, M|
|poke|p2|Kangaskhan, L50, F|
|poke|p2|Blastoise, L50, M|
|poke|p2|Farigiraf, L50, F|
|poke|p2|Torkoal, L50, M|
|poke|p2|Vivillon, L50, M|
|poke|p2|Basculegion, L50, M|
|teampreview|4
|inactive|Battle timer is ON: inactive players will automatically lose when time's up. (requested by blackpinklisahater)
|j| gloomdweller0201
|inactive|sagthebag has 60 seconds left.
|
|t:|1778650238
|teamsize|p1|4
|teamsize|p2|4
|start
|switch|p1a: Sneasler|Sneasler, L50, F|100/100
|switch|p1b: Charizard|Charizard, L50, M|100/100
|switch|p2a: Vivillon|Vivillon, L50, M|100/100
|switch|p2b: Blastoise|Blastoise, L50, M|100/100
|turn|1
|inactive|sagthebag has 30 seconds left.
|
|t:|1778650270
|detailschange|p1b: Charizard|Charizard-Mega-Y, L50, M
|-mega|p1b: Charizard|Charizard|Charizardite Y
|-weather|SunnyDay|[from] ability: Drought|[of] p1b: Charizard
|detailschange|p2b: Blastoise|Blastoise-Mega, L50, M
|-mega|p2b: Blastoise|Blastoise|Blastoisinite
|move|p1a: Sneasler|Fake Out|p2a: Vivillon
|-damage|p2a: Vivillon|77/100
|move|p2b: Blastoise|Fake Out|p1b: Charizard
|-damage|p1b: Charizard|90/100
|cant|p2a: Vivillon|flinch
|cant|p1b: Charizard|flinch
|
|-weather|SunnyDay|[upkeep]
|upkeep
|turn|2
|inactive|sagthebag has 30 seconds left.
|
|t:|1778650304
|move|p2a: Vivillon|Rain Dance|p2a: Vivillon
|-weather|RainDance
|move|p1a: Sneasler|U-turn|p2b: Blastoise
|-crit|p2b: Blastoise
|-damage|p2b: Blastoise|65/100
|j| huhyuhyuhyuh
|
|t:|1778650316
|switch|p1a: Farigiraf|Farigiraf, L50, F|100/100|[from] U-turn
|move|p1b: Charizard|Heat Wave|p2b: Blastoise|[spread] p2a,p2b
|-supereffective|p2a: Vivillon|1
|-resisted|p2b: Blastoise|1
|-damage|p2a: Vivillon|0 fnt
|-damage|p2b: Blastoise|54/100
|faint|p2a: Vivillon
|move|p2b: Blastoise|Water Spout|p1b: Charizard|[spread] p1a,p1b
|-supereffective|p1b: Charizard|1
|-damage|p1a: Farigiraf|53/100
|-damage|p1b: Charizard|0 fnt
|faint|p1b: Charizard
|
|-weather|RainDance|[upkeep]
|upkeep
|
|t:|1778650331
|switch|p2a: Basculegion|Basculegion, L50, M|100/100
|switch|p1b: Sneasler|Sneasler, L50, F|100/100
|turn|3
|j| GentleH
|j| LiquidCircuit
|
|t:|1778650352
|move|p1a: Farigiraf|Helping Hand|p1b: Sneasler
|-singleturn|p1b: Sneasler|Helping Hand|[of] p1a: Farigiraf
|move|p1b: Sneasler|Dire Claw|p2b: Blastoise
|-damage|p2b: Blastoise|0 fnt
|faint|p2b: Blastoise
|move|p2a: Basculegion|Liquidation|p1b: Sneasler
|-damage|p1b: Sneasler|0 fnt
|faint|p1b: Sneasler
|
|-weather|RainDance|[upkeep]
|upkeep
|
|t:|1778650360
|switch|p1b: Primarina|Primarina, L50, M|100/100
|switch|p2b: Farigiraf|Farigiraf, L50, F|100/100
|turn|4
|inactive|sagthebag has 30 seconds left.
|
|t:|1778650386
|move|p1a: Farigiraf|Helping Hand|p1b: Primarina
|-singleturn|p1b: Primarina|Helping Hand|[of] p1a: Farigiraf
|move|p2a: Basculegion|Liquidation|p1a: Farigiraf
|-damage|p1a: Farigiraf|0 fnt
|faint|p1a: Farigiraf
|move|p1b: Primarina|Moonblast|p2a: Basculegion
|-damage|p2a: Basculegion|15/100
|move|p2b: Farigiraf|Thunderbolt|p1b: Primarina
|-supereffective|p1b: Primarina|1
|-damage|p1b: Primarina|53/100
|
|-weather|RainDance|[upkeep]
|upkeep
|turn|5
|j| futonkagebunshin
|
|t:|1778650400
|move|p2a: Basculegion|Last Respects|p1b: Primarina
|-damage|p1b: Primarina|0 fnt
|faint|p1b: Primarina
|
|win|blackpinklisahater
|raw|sagthebag's rating: 1792 &rarr; <strong>1778</strong><br />(-14 for losing)
|raw|blackpinklisahater's rating: 1893 &rarr; <strong>1907</strong><br />(+14 for winning)
|l|☆sagthebag
|player|p1|
|l| huhyuhyuhyuh
