|j|☆suibiandajiba
|j|☆skymin<3
|t:|1776788414
|gametype|doubles
|player|p1|suibiandajiba|lillie-masters|1631
|player|p2|skymin<3|#skymin3|1711
|gen|9
|tier|[Gen 9 Champions] VGC 2026 Reg M-A
|rated|
|rule|Species Clause: Limit one of each Pokémon
|rule|Item Clause: Limit 1 of each item
|clearpoke
|poke|p1|Maushold, L50|
|poke|p1|Gardevoir, L50, F|
|poke|p1|Talonflame, L50, F|
|poke|p1|Garchomp, L50, F|
|poke|p1|Kingambit, L50, F|
|poke|p1|Basculegion, L50, M|
|poke|p2|Delphox, L50, F, shiny|
|poke|p2|Kingambit, L50, M|
|poke|p2|Garchomp, L50, F|
|poke|p2|Farigiraf, L50, M|
|poke|p2|Sneasler, L50, M|
|poke|p2|Whimsicott, L50, M, shiny|
|teampreview|4
|inactive|Battle timer is ON: inactive players will automatically lose when time's up. (requested by suibiandajiba)
|inactive|skymin<3 has 60 seconds left.
|
|t:|1776788507
|teamsize|p1|4
|teamsize|p2|4
|start
|switch|p1a: Gardevoir|Gardevoir, L50, F|100/100
|switch|p1b: Maushold|Maushold, L50|100/100
|switch|p2a: Eclipsa|Delphox, L50, F, shiny|100/100
|switch|p2b: Unova's Whimsy|Whimsicott, L50, M, shiny|100/100
|-ability|p1a: Gardevoir|Blaze|Trace|[from] ability: Trace|[of] p2a: Eclipsa
|turn|1
|
|t:|1776788519
|detailschange|p2a: Eclipsa|Delphox-Mega, L50, F, shiny
|-mega|p2a: Eclipsa|Delphox|Delphoxite
|detailschange|p1a: Gardevoir|Gardevoir-Mega, L50, F
|-mega|p1a: Gardevoir|Gardevoir|Gardevoirite
|move|p2b: Unova's Whimsy|Sunny Day|p2b: Unova's Whimsy
|-weather|SunnyDay
|move|p2a: Eclipsa|Heat Wave|p1b: Maushold|[spread] p1b
|-miss|p2a: Eclipsa|p1a: Gardevoir
|-damage|p1b: Maushold|33/100
|move|p1b: Maushold|Taunt|p2b: Unova's Whimsy
|-start|p2b: Unova's Whimsy|move: Taunt
|move|p1a: Gardevoir|Hyper Voice|p2a: Eclipsa|[spread] p2a,p2b
|-resisted|p2a: Eclipsa|1
|-damage|p2a: Eclipsa|72/100
|-damage|p2b: Unova's Whimsy|6/100
|
|-weather|SunnyDay|[upkeep]
|upkeep
|turn|2
|inactive|skymin<3 has 30 seconds left.
|inactive|suibiandajiba has 30 seconds left.
|inactive|skymin<3 has 20 seconds left.
|inactive|skymin<3 has 15 seconds left.
|inactive|skymin<3 has 10 seconds left.
|
|t:|1776788567
|move|p2a: Eclipsa|Heat Wave|p1b: Maushold|[spread] p1b
|-miss|p2a: Eclipsa|p1a: Gardevoir
|-damage|p1b: Maushold|0 fnt
|faint|p1b: Maushold
|move|p2b: Unova's Whimsy|Moonblast|p1a: Gardevoir
|-damage|p1a: Gardevoir|70/100
|move|p1a: Gardevoir|Hyper Voice|p2b: Unova's Whimsy|[spread] p2a,p2b
|-resisted|p2a: Eclipsa|1
|-crit|p2b: Unova's Whimsy
|-damage|p2a: Eclipsa|48/100
|-damage|p2b: Unova's Whimsy|0 fnt
|faint|p2b: Unova's Whimsy
|
|-weather|SunnyDay|[upkeep]
|upkeep
|
|t:|1776788579
|switch|p2b: Meruem|Kingambit, L50, M|100/100
|switch|p1b: Talonflame|Talonflame, L50, F|100/100
|turn|3
|c|☆skymin<3|ok
|j| Haharatpoision
|inactive|suibiandajiba has 30 seconds left.
|inactive|skymin<3 has 30 seconds left.
|inactive|suibiandajiba has 20 seconds left.
|inactive|skymin<3 has 20 seconds left.
|inactive|suibiandajiba has 15 seconds left.
|inactive|skymin<3 has 15 seconds left.
|inactive|suibiandajiba has 10 seconds left.
|inactive|skymin<3 has 10 seconds left.
|
|t:|1776788627
|move|p2b: Meruem|Sucker Punch|p1a: Gardevoir
|-damage|p1a: Gardevoir|10/100
|move|p2a: Eclipsa|Heat Wave|p1a: Gardevoir|[spread] p1a,p1b
|-resisted|p1b: Talonflame|1
|-damage|p1a: Gardevoir|0 fnt
|-damage|p1b: Talonflame|60/100
|faint|p1a: Gardevoir
|move|p1b: Talonflame|Flamethrower|p2b: Meruem
|-supereffective|p2b: Meruem|1
|-damage|p2b: Meruem|19/100
|
|-weather|SunnyDay|[upkeep]
|upkeep
|
|t:|1776788633
|switch|p1a: Basculegion|Basculegion, L50, M|100/100
|turn|4
|inactive|skymin<3 has 30 seconds left.
|
|t:|1776788667
|switch|p2b: Farigiraf|Farigiraf, L50, M|100/100
|move|p1b: Talonflame|Protect|p1b: Talonflame
|-singleturn|p1b: Talonflame|Protect
|move|p2a: Eclipsa|Psychic|p1b: Talonflame
|-activate|p1b: Talonflame|move: Protect
|move|p1a: Basculegion|Last Respects|p2a: Eclipsa
|-supereffective|p2a: Eclipsa|1
|-damage|p2a: Eclipsa|0 fnt
|faint|p2a: Eclipsa
|
|-weather|SunnyDay|[upkeep]
|upkeep
|
|t:|1776788672
|switch|p2a: Meruem|Kingambit, L50, M|19/100
|turn|5
|
|t:|1776788687
|move|p2a: Meruem|Protect|p2a: Meruem
|-singleturn|p2a: Meruem|Protect
|move|p1b: Talonflame|Quick Guard|p1b: Talonflame
|-singleturn|p1b: Talonflame|Quick Guard
|move|p1a: Basculegion|Wave Crash|p2a: Meruem
|-activate|p2a: Meruem|move: Protect
|move|p2b: Farigiraf|Trick Room|p2b: Farigiraf
|-fieldstart|move: Trick Room|[of] p2b: Farigiraf
|
|-weather|none
|upkeep
|turn|6
|inactive|skymin<3 has 30 seconds left.
|inactive|suibiandajiba has 30 seconds left.
|inactive|skymin<3 has 20 seconds left.
|inactive|skymin<3 has 15 seconds left.
|inactive|skymin<3 has 10 seconds left.
|inactive|suibiandajiba has 20 seconds left.
|inactive|skymin<3 has 5 seconds left.
|
|t:|1776788740
|move|p2a: Meruem|Kowtow Cleave|p1b: Talonflame
|-damage|p1b: Talonflame|0 fnt
|faint|p1b: Talonflame
|move|p2b: Farigiraf|Psychic|p1a: Basculegion
|-damage|p1a: Basculegion|63/100
|move|p1a: Basculegion|Wave Crash|p2a: Meruem
|-damage|p2a: Meruem|0 fnt
|faint|p2a: Meruem
|-damage|p1a: Basculegion|57/100|[from] Recoil
|
|upkeep
|turn|7
|
|t:|1776788747
|move|p1a: Basculegion|Protect|p1a: Basculegion
|-singleturn|p1a: Basculegion|Protect
|move|p2b: Farigiraf|Psychic|p1a: Basculegion
|-activate|p1a: Basculegion|move: Protect
|
|upkeep
|turn|8
|
|t:|1776788750
|move|p2b: Farigiraf|Psychic|p1a: Basculegion
|-damage|p1a: Basculegion|18/100
|-enditem|p1a: Basculegion|Sitrus Berry|[eat]
|-heal|p1a: Basculegion|43/100|[from] item: Sitrus Berry
|move|p1a: Basculegion|Wave Crash|p2b: Farigiraf
|-damage|p2b: Farigiraf|27/100
|-enditem|p2b: Farigiraf|Sitrus Berry|[eat]
|-heal|p2b: Farigiraf|52/100|[from] item: Sitrus Berry
|-damage|p1a: Basculegion|19/100|[from] Recoil
|
|upkeep
|turn|9
|
|t:|1776788759
|move|p1a: Basculegion|Protect|p1a: Basculegion
|-singleturn|p1a: Basculegion|Protect
|move|p2b: Farigiraf|Psychic|p1a: Basculegion
|-activate|p1a: Basculegion|move: Protect
|
|-fieldend|move: Trick Room
|upkeep
|turn|10
|
|t:|1776788762
|move|p1a: Basculegion|Wave Crash|p2b: Farigiraf
|-damage|p2b: Farigiraf|0 fnt
|faint|p2b: Farigiraf
|-damage|p1a: Basculegion|2/100|[from] Recoil
|
|win|suibiandajiba
|raw|suibiandajiba's rating: 1631 &rarr; <strong>1656</strong><br />(+25 for winning)
|raw|skymin&lt;3's rating: 1711 &rarr; <strong>1686</strong><br />(-25 for losing)
|l| Haharatpoision
|l|☆skymin<3
|player|p2|
