|j|☆ScribbleScribble
|j|☆Mlkshke
|t:|1777511672
|gametype|doubles
|player|p1|ScribbleScribble|mina-lgpe|1772
|player|p2|Mlkshke|1|1805
|gen|9
|tier|[Gen 9 Champions] VGC 2026 Reg M-A
|rated|
|rule|Species Clause: Limit one of each Pokémon
|rule|Item Clause: Limit 1 of each item
|clearpoke
|poke|p1|Ceruledge, L50, F|
|poke|p1|Lopunny, L50, F, shiny|
|poke|p1|Farigiraf, L50, M|
|poke|p1|Rotom-Wash, L50|
|poke|p1|Ninetales-Alola, L50, F|
|poke|p1|Passimian, L50, M|
|poke|p2|Scovillain, L50, M|
|poke|p2|Tyranitar, L50, F|
|poke|p2|Excadrill, L50, F|
|poke|p2|Orthworm, L50, M|
|poke|p2|Corviknight, L50, M|
|poke|p2|Basculegion, L50, M|
|teampreview|4
|inactive|Battle timer is ON: inactive players will automatically lose when time's up. (requested by ScribbleScribble)
|inactive|Mlkshke also wants the timer to be on.
|inactive|Mlkshke has 60 seconds left.
|
|t:|1777511724
|teamsize|p1|4
|teamsize|p2|4
|start
|switch|p1a: Ceruledge|Ceruledge, L50, F|100/100
|switch|p1b: Rotom|Rotom-Wash, L50|100/100
|switch|p2a: Scovillain|Scovillain, L50, M|100/100
|switch|p2b: Basculegion|Basculegion, L50, M|100/100
|turn|1
|inactive|Mlkshke has 30 seconds left.
|
|t:|1777511754
|detailschange|p2a: Scovillain|Scovillain-Mega, L50, M
|-mega|p2a: Scovillain|Scovillain|Scovillainite
|move|p1b: Rotom|Thunderbolt|p2b: Basculegion
|-supereffective|p2b: Basculegion|1
|-damage|p2b: Basculegion|7/100
|move|p2b: Basculegion|Wave Crash|p1a: Ceruledge
|-supereffective|p1a: Ceruledge|1
|-enditem|p1a: Ceruledge|Focus Sash
|-damage|p1a: Ceruledge|1/100
|-ability|p1a: Ceruledge|Weak Armor|boost
|-unboost|p1a: Ceruledge|def|1
|-boost|p1a: Ceruledge|spe|2
|-damage|p2b: Basculegion|0 fnt|[from] Recoil
|faint|p2b: Basculegion
|move|p1a: Ceruledge|Swords Dance|p1a: Ceruledge
|-boost|p1a: Ceruledge|atk|2
|move|p2a: Scovillain|Leaf Storm|p1b: Rotom
|-supereffective|p1b: Rotom|1
|-damage|p1b: Rotom|0 fnt
|-unboost|p2a: Scovillain|spa|2
|faint|p1b: Rotom
|
|upkeep
|inactive|Mlkshke has 30 seconds left.
|inactive|Mlkshke has 20 seconds left.
|
|t:|1777511789
|switch|p1b: Lopunny|Lopunny, L50, F, shiny|100/100
|switch|p2b: Tyranitar|Tyranitar, L50, F|100/100
|-weather|Sandstorm|[from] ability: Sand Stream|[of] p2b: Tyranitar
|turn|2
|
|t:|1777511807
|switch|p1b: Ninetales|Ninetales-Alola, L50, F|100/100
|-weather|Snowscape|[from] ability: Snow Warning|[of] p1b: Ninetales
|move|p2b: Tyranitar|Protect|p2b: Tyranitar
|-singleturn|p2b: Tyranitar|Protect
|move|p1a: Ceruledge|Poltergeist|p2a: Scovillain
|-activate|p2a: Scovillain|move: Poltergeist|Scovillainite
|-damage|p2a: Scovillain|0 fnt
|-immune|p2a: Scovillain
|faint|p2a: Scovillain
|
|-weather|Snowscape|[upkeep]
|upkeep
|j| emiyo
|
|t:|1777511819
|switch|p2a: Excadrill|Excadrill, L50, F|100/100
|turn|3
|
|t:|1777511836
|move|p1a: Ceruledge|Bitter Blade|p2a: Excadrill
|-supereffective|p2a: Excadrill|1
|-enditem|p2a: Excadrill|Focus Sash
|-damage|p2a: Excadrill|1/100
|-heal|p1a: Ceruledge|61/100|[from] drain|[of] p2a: Excadrill
|move|p1b: Ninetales|Encore|p2b: Tyranitar
|-start|p2b: Tyranitar|Encore
|move|p2b: Tyranitar|Protect||[still]
|-fail|p2b: Tyranitar
|move|p2a: Excadrill|Rock Slide|p1a: Ceruledge|[spread] p1a,p1b
|-supereffective|p1a: Ceruledge|1
|-supereffective|p1b: Ninetales|1
|-damage|p1a: Ceruledge|0 fnt
|-damage|p1b: Ninetales|56/100
|faint|p1a: Ceruledge
|
|-weather|Snowscape|[upkeep]
|upkeep
|
|t:|1777511839
|switch|p1a: Lopunny|Lopunny, L50, F, shiny|100/100
|turn|4
|inactive|Mlkshke has 30 seconds left.
|
|t:|1777511874
|detailschange|p1a: Lopunny|Lopunny-Mega, L50, F, shiny
|-mega|p1a: Lopunny|Lopunny|Lopunnite
|move|p2a: Excadrill|Protect|p2a: Excadrill
|-singleturn|p2a: Excadrill|Protect
|move|p2b: Tyranitar|Protect|p2b: Tyranitar
|-singleturn|p2b: Tyranitar|Protect
|move|p1a: Lopunny|Close Combat|p2b: Tyranitar
|-activate|p2b: Tyranitar|move: Protect
|move|p1b: Ninetales|Blizzard|p2a: Excadrill|[spread] 
|-activate|p2a: Excadrill|move: Protect
|-activate|p2b: Tyranitar|move: Protect
|
|-weather|Snowscape|[upkeep]
|upkeep
|turn|5
|
|t:|1777511894
|move|p2b: Tyranitar|Protect|p2b: Tyranitar
|-singleturn|p2b: Tyranitar|Protect
|move|p1a: Lopunny|Close Combat|p2b: Tyranitar
|-activate|p2b: Tyranitar|move: Protect
|move|p1b: Ninetales|Blizzard|p2a: Excadrill|[spread] p2a
|-activate|p2b: Tyranitar|move: Protect
|-damage|p2a: Excadrill|0 fnt
|faint|p2a: Excadrill
|
|-weather|Snowscape|[upkeep]
|-end|p2b: Tyranitar|Encore
|upkeep
|turn|6
|
|t:|1777511910
|move|p1a: Lopunny|Close Combat|p2b: Tyranitar
|-supereffective|p2b: Tyranitar|2
|-crit|p2b: Tyranitar
|-damage|p2b: Tyranitar|0 fnt
|-unboost|p1a: Lopunny|def|1
|-unboost|p1a: Lopunny|spd|1
|faint|p2b: Tyranitar
|
|win|ScribbleScribble
|raw|ScribbleScribble's rating: 1742 &rarr; <strong>1766</strong><br />(+24 for winning)
|raw|Mlkshke's rating: 1805 &rarr; <strong>1781</strong><br />(-24 for losing)
|c|☆Mlkshke|gg
|c|☆ScribbleScribble|gg
|l|☆ScribbleScribble
|player|p1|
|l| emiyo
|j| ute ute
|j| emiyo
|l| emiyo
|l| ute ute
