|j|☆SlaymonSays
|j|☆lisaimai1
|t:|1778453929
|gametype|doubles
|player|p1|SlaymonSays|102|1788
|player|p2|lisaimai1|iono-masters|1716
|gen|9
|tier|[Gen 9 Champions] VGC 2026 Reg M-A
|rated|
|rule|Species Clause: Limit one of each Pokémon
|rule|Item Clause: Limit 1 of each item
|clearpoke
|poke|p1|Incineroar, L50, F|
|poke|p1|Talonflame, L50, M|
|poke|p1|Sinistcha, L50|
|poke|p1|Garchomp, L50, M|
|poke|p1|Blastoise, L50, M|
|poke|p1|Floette-Eternal, L50, F|
|poke|p2|Talonflame, L50, M|
|poke|p2|Garchomp, L50, M|
|poke|p2|Meganium, L50, F, shiny|
|poke|p2|Sneasler, L50, F|
|poke|p2|Palafin, L50, F|
|poke|p2|Incineroar, L50, F|
|teampreview|4
|inactive|Battle timer is ON: inactive players will automatically lose when time's up. (requested by lisaimai1)
|
|t:|1778453943
|teamsize|p1|4
|teamsize|p2|4
|start
|switch|p1a: Floette|Floette-Eternal, L50, F|100/100
|switch|p1b: Incineroar|Incineroar, L50, F|100/100
|switch|p2a: Palafin|Palafin, L50, F|100/100
|switch|p2b: Meganium|Meganium, L50, F, shiny|100/100
|-ability|p1b: Incineroar|Intimidate|boost
|-unboost|p2a: Palafin|atk|1
|-unboost|p2b: Meganium|atk|1
|turn|1
|j| Kylen33
|
|t:|1778453953
|detailschange|p2a: Palafin|Palafin-Hero, L50, F
|switch|p2a: Incineroar|Incineroar, L50, F|100/100
|-ability|p2a: Incineroar|Intimidate|boost
|-unboost|p1a: Floette|atk|1
|-unboost|p1b: Incineroar|atk|1
|detailschange|p2b: Meganium|Meganium-Mega, L50, F, shiny
|-mega|p2b: Meganium|Meganium|Meganiumite
|detailschange|p1a: Floette|Floette-Mega, L50, F
|-mega|p1a: Floette|Floette|Floettite
|-ability|p1a: Floette|Fairy Aura
|move|p2b: Meganium|Protect|p2b: Meganium
|-singleturn|p2b: Meganium|Protect
|move|p1a: Floette|Calm Mind|p1a: Floette
|-boost|p1a: Floette|spa|1
|-boost|p1a: Floette|spd|1
|move|p1b: Incineroar|Flare Blitz|p2b: Meganium
|-activate|p2b: Meganium|move: Protect
|
|upkeep
|turn|2
|
|t:|1778453974
|move|p2a: Incineroar|Fake Out|p1b: Incineroar
|-damage|p1b: Incineroar|88/100
|move|p1a: Floette|Dazzling Gleam|p2b: Meganium|[spread] p2a,p2b
|-crit|p2a: Incineroar
|-damage|p2a: Incineroar|14/100
|-damage|p2b: Meganium|37/100
|-enditem|p2a: Incineroar|Sitrus Berry|[eat]
|-heal|p2a: Incineroar|39/100|[from] item: Sitrus Berry
|move|p2b: Meganium|Dazzling Gleam|p1b: Incineroar|[spread] p1a,p1b
|-crit|p1a: Floette
|-damage|p1a: Floette|51/100
|-damage|p1b: Incineroar|43/100
|cant|p1b: Incineroar|flinch
|
|upkeep
|turn|3
|j| urmomtest
|
|t:|1778453996
|move|p2b: Meganium|Protect|p2b: Meganium
|-singleturn|p2b: Meganium|Protect
|move|p1a: Floette|Draining Kiss|p2a: Incineroar
|-damage|p2a: Incineroar|0 fnt
|-heal|p1a: Floette|84/100|[from] drain|[of] p2a: Incineroar
|faint|p2a: Incineroar
|move|p1b: Incineroar|Flare Blitz|p2b: Meganium
|-activate|p2b: Meganium|move: Protect
|
|upkeep
|
|t:|1778453998
|switch|p2a: Sneasler|Sneasler, L50, F|100/100
|turn|4
|
|t:|1778454009
|switch|p1b: Sinistcha|Sinistcha, L50|100/100
|-heal|p1a: Floette|100/100|[from] ability: Hospitality|[of] p1b: Sinistcha
|move|p1a: Floette|Protect|p1a: Floette
|-singleturn|p1a: Floette|Protect
|move|p2a: Sneasler|Fake Out|p1b: Sinistcha
|-immune|p1b: Sinistcha
|move|p2b: Meganium|Weather Ball|p1b: Sinistcha
|-supereffective|p1b: Sinistcha|1
|-damage|p1b: Sinistcha|0 fnt
|faint|p1b: Sinistcha
|
|upkeep
|
|t:|1778454017
|switch|p1b: Talonflame|Talonflame, L50, M|100/100
|turn|5
|
|t:|1778454029
|move|p2b: Meganium|Protect|p2b: Meganium
|-singleturn|p2b: Meganium|Protect
|move|p1b: Talonflame|Brave Bird|p2a: Sneasler
|-supereffective|p2a: Sneasler|1
|-enditem|p2a: Sneasler|Focus Sash
|-damage|p2a: Sneasler|1/100
|-damage|p1b: Talonflame|67/100|[from] Recoil
|move|p2a: Sneasler|Dire Claw|p1a: Floette
|-supereffective|p1a: Floette|1
|-damage|p1a: Floette|10/100
|move|p1a: Floette|Dazzling Gleam|p2b: Meganium|[spread] p2a
|-activate|p2b: Meganium|move: Protect
|-damage|p2a: Sneasler|0 fnt
|faint|p2a: Sneasler
|
|upkeep
|
|t:|1778454042
|switch|p2a: Palafin|Palafin-Hero, L50, F|100/100
|-activate|p2a: Palafin|ability: Zero to Hero
|turn|6
|j| H4irashi
|inactive|lisaimai1 has 30 seconds left.
|
|t:|1778454068
|move|p1b: Talonflame|Protect|p1b: Talonflame
|-singleturn|p1b: Talonflame|Protect
|move|p2a: Palafin|Jet Punch|p1a: Floette
|-damage|p1a: Floette|0 fnt
|faint|p1a: Floette
|move|p2b: Meganium|Weather Ball|p1b: Talonflame
|-activate|p1b: Talonflame|move: Protect
|
|upkeep
|
|t:|1778454074
|switch|p1a: Incineroar|Incineroar, L50, F|43/100
|-ability|p1a: Incineroar|Intimidate|boost
|-unboost|p2a: Palafin|atk|1
|-unboost|p2b: Meganium|atk|1
|turn|7
|
|t:|1778454077
|move|p2a: Palafin|Protect|p2a: Palafin
|-singleturn|p2a: Palafin|Protect
|move|p2b: Meganium|Protect|p2b: Meganium
|-singleturn|p2b: Meganium|Protect
|move|p1a: Incineroar|Fake Out|p2a: Palafin
|-activate|p2a: Palafin|move: Protect
|move|p1b: Talonflame|Brave Bird|p2a: Palafin
|-activate|p2a: Palafin|move: Protect
|
|upkeep
|turn|8
|
|t:|1778454085
|move|p1b: Talonflame|Brave Bird|p2a: Palafin
|-damage|p2a: Palafin|46/100
|-damage|p1b: Talonflame|47/100|[from] Recoil
|move|p2a: Palafin|Wave Crash|p1b: Talonflame
|-supereffective|p1b: Talonflame|1
|-damage|p1b: Talonflame|0 fnt
|faint|p1b: Talonflame
|-damage|p2a: Palafin|32/100|[from] Recoil
|move|p2b: Meganium|Dazzling Gleam|p1a: Incineroar
|-damage|p1a: Incineroar|0 fnt
|faint|p1a: Incineroar
|
|win|lisaimai1
|raw|SlaymonSays's rating: 1788 &rarr; <strong>1764</strong><br />(-24 for losing)
|raw|lisaimai1's rating: 1716 &rarr; <strong>1740</strong><br />(+24 for winning)
