|j|‽Dapmagikarp
|j|☆Fuzis
|t:|1778570973
|gametype|doubles
|player|p1|Dapmagikarp|102|1714
|player|p2|Fuzis|karen|1859
|gen|9
|tier|[Gen 9 Champions] VGC 2026 Reg M-A
|rated|
|rule|Species Clause: Limit one of each Pokémon
|rule|Item Clause: Limit 1 of each item
|clearpoke
|poke|p1|Charizard, L50, M|
|poke|p1|Aerodactyl, L50, M|
|poke|p1|Basculegion, L50, M|
|poke|p1|Garchomp, L50, M|
|poke|p1|Floette-Eternal, L50, F|
|poke|p1|Kingambit, L50, F|
|poke|p2|Blastoise, L50, M|
|poke|p2|Farigiraf, L50, M|
|poke|p2|Kangaskhan, L50, F|
|poke|p2|Vivillon-Icy Snow, L50, F|
|poke|p2|Basculegion, L50, M|
|poke|p2|Torkoal, L50, F|
|teampreview|4
|inactive|Battle timer is ON: inactive players will automatically lose when time's up. (requested by Dapmagikarp)
|inactive|Fuzis has 60 seconds left.
|
|t:|1778571027
|teamsize|p1|4
|teamsize|p2|4
|start
|switch|p1a: Aerodactyl|Aerodactyl, L50, M|100/100
|switch|p1b: Floette|Floette-Eternal, L50, F|100/100
|switch|p2a: Farigiraf|Farigiraf, L50, M|100/100
|switch|p2b: Kangaskhan|Kangaskhan, L50, F|100/100
|-ability|p1a: Aerodactyl|Unnerve
|turn|1
|
|t:|1778571047
|detailschange|p2b: Kangaskhan|Kangaskhan-Mega, L50, F
|-mega|p2b: Kangaskhan|Kangaskhan|Kangaskhanite
|move|p1b: Floette|Protect|p1b: Floette
|-singleturn|p1b: Floette|Protect
|move|p2b: Kangaskhan|Fake Out|p1a: Aerodactyl
|-resisted|p1a: Aerodactyl|1
|-damage|p1a: Aerodactyl|82/100
|-resisted|p1a: Aerodactyl|1
|-crit|p1a: Aerodactyl
|-damage|p1a: Aerodactyl|76/100
|-hitcount|p1a: Aerodactyl|2
|cant|p1a: Aerodactyl|flinch
|move|p2a: Farigiraf|Trick Room|p2a: Farigiraf
|-fieldstart|move: Trick Room|[of] p2a: Farigiraf
|
|upkeep
|turn|2
|
|t:|1778571069
|switch|p2a: Torkoal|Torkoal, L50, F|100/100
|-weather|SunnyDay|[from] ability: Drought|[of] p2a: Torkoal
|detailschange|p1b: Floette|Floette-Mega, L50, F
|-mega|p1b: Floette|Floette|Floettite
|-ability|p1b: Floette|Fairy Aura
|move|p1a: Aerodactyl|Protect|p1a: Aerodactyl
|-singleturn|p1a: Aerodactyl|Protect
|move|p2b: Kangaskhan|Ice Punch|p1a: Aerodactyl
|-activate|p1a: Aerodactyl|move: Protect
|move|p1b: Floette|Dazzling Gleam|p2a: Torkoal|[spread] p2a,p2b
|-resisted|p2a: Torkoal|1
|-damage|p2a: Torkoal|67/100
|-damage|p2b: Kangaskhan|58/100
|
|-weather|SunnyDay|[upkeep]
|upkeep
|turn|3
|inactive|Dapmagikarp has 30 seconds left.
|
|t:|1778571096
|switch|p1a: Basculegion|Basculegion, L50, M|100/100
|move|p2a: Torkoal|Protect|p2a: Torkoal
|-singleturn|p2a: Torkoal|Protect
|move|p1b: Floette|Protect|p1b: Floette
|-singleturn|p1b: Floette|Protect
|move|p2b: Kangaskhan|Ice Punch|p1a: Basculegion
|-resisted|p1a: Basculegion|1
|-damage|p1a: Basculegion|82/100
|-resisted|p1a: Basculegion|1
|-damage|p1a: Basculegion|77/100
|-hitcount|p1a: Basculegion|2
|
|-weather|SunnyDay|[upkeep]
|upkeep
|turn|4
|j| tester66432
|l| tester66432
|
|t:|1778571117
|switch|p1b: Aerodactyl|Aerodactyl, L50, M|76/100
|-ability|p1b: Aerodactyl|Unnerve
|move|p2a: Torkoal|Eruption|p1b: Aerodactyl|[spread] p1a,p1b
|-resisted|p1a: Basculegion|1
|-resisted|p1b: Aerodactyl|1
|-damage|p1a: Basculegion|44/100
|-damage|p1b: Aerodactyl|38/100
|move|p2b: Kangaskhan|Double-Edge|p1b: Aerodactyl
|-resisted|p1b: Aerodactyl|1
|-damage|p1b: Aerodactyl|0 fnt
|faint|p1b: Aerodactyl
|-damage|p2b: Kangaskhan|50/100y|[from] Recoil
|move|p1a: Basculegion|Flip Turn|p2a: Torkoal
|-supereffective|p2a: Torkoal|1
|-damage|p2a: Torkoal|40/100
|
|t:|1778571133
|switch|p1a: Floette|Floette-Mega, L50, F|100/100|[from] Flip Turn
|-ability|p1a: Floette|Fairy Aura
|
|-weather|SunnyDay|[upkeep]
|upkeep
|
|t:|1778571135
|switch|p1b: Garchomp|Garchomp, L50, M|100/100
|turn|5
|j| tester66432
|
|t:|1778571151
|switch|p2b: Farigiraf|Farigiraf, L50, M|100/100
|move|p1a: Floette|Protect|p1a: Floette
|-singleturn|p1a: Floette|Protect
|move|p1b: Garchomp|Protect|p1b: Garchomp
|-singleturn|p1b: Garchomp|Protect
|move|p2a: Torkoal|Eruption|p1b: Garchomp|[spread] 
|-activate|p1a: Floette|move: Protect
|-activate|p1b: Garchomp|move: Protect
|
|-weather|SunnyDay|[upkeep]
|-fieldend|move: Trick Room
|upkeep
|turn|6
|
|t:|1778571170
|move|p1b: Garchomp|Earthquake|p2a: Torkoal|[spread] p1a,p2a,p2b
|-supereffective|p2a: Torkoal|1
|-damage|p1a: Floette|54/100
|-damage|p2a: Torkoal|0 fnt
|-damage|p2b: Farigiraf|57/100
|faint|p2a: Torkoal
|move|p1a: Floette|Moonblast|p2b: Farigiraf
|-damage|p2b: Farigiraf|0 fnt
|faint|p2b: Farigiraf
|
|-weather|none
|upkeep
|
|t:|1778571179
|switch|p2b: Kangaskhan|Kangaskhan-Mega, L50, F|50/100y
|switch|p2a: Basculegion|Basculegion, L50, M|100/100
|turn|7
|
|t:|1778571191
|move|p1a: Floette|Protect|p1a: Floette
|-singleturn|p1a: Floette|Protect
|move|p2b: Kangaskhan|Fake Out|p1a: Floette
|-activate|p1a: Floette|move: Protect
|move|p1b: Garchomp|Scale Shot|p2b: Kangaskhan
|-damage|p2b: Kangaskhan|36/100
|-damage|p2b: Kangaskhan|22/100
|-hitcount|p2b: Kangaskhan|2
|-unboost|p1b: Garchomp|def|1
|-boost|p1b: Garchomp|spe|1
|move|p2a: Basculegion|Last Respects|p1b: Garchomp
|-damage|p1b: Garchomp|0 fnt
|faint|p1b: Garchomp
|
|upkeep
|
|t:|1778571205
|switch|p1b: Basculegion|Basculegion, L50, M|44/100
|turn|8
|
|t:|1778571223
|move|p1b: Basculegion|Last Respects|p2a: Basculegion
|-supereffective|p2a: Basculegion|1
|-enditem|p2a: Basculegion|Kasib Berry|[eat]
|-enditem|p2a: Basculegion|Kasib Berry|[weaken]
|-damage|p2a: Basculegion|1/100
|move|p1a: Floette|Dazzling Gleam|p2a: Basculegion|[spread] p2a,p2b
|-damage|p2a: Basculegion|0 fnt
|-damage|p2b: Kangaskhan|0 fnt
|faint|p2a: Basculegion
|faint|p2b: Kangaskhan
|
|win|Dapmagikarp
|raw|Dapmagikarp's rating: 1714 &rarr; <strong>1742</strong><br />(+28 for winning)
|raw|Fuzis's rating: 1859 &rarr; <strong>1831</strong><br />(-28 for losing)
|l|‽Dapmagikarp
|player|p1|
|l|☆Fuzis
|player|p2|
