|j|☆megagenger2023
|j|☆JasonVGC2026D
|t:|1780223630
|gametype|doubles
|player|p1|megagenger2023|170|1901
|player|p2|JasonVGC2026D|101|1859
|gen|9
|tier|[Gen 9 Champions] VGC 2026 Reg M-A
|rated|
|rule|Species Clause: Limit one of each Pokémon
|rule|Item Clause: Limit 1 of each item
|clearpoke
|poke|p1|Gengar, L50, F|
|poke|p1|Archaludon, L50, M|
|poke|p1|Politoed, L50, M|
|poke|p1|Incineroar, L50, M|
|poke|p1|Sinistcha-Masterpiece, L50|
|poke|p1|Froslass, L50, F|
|poke|p2|Aerodactyl, L50, F|
|poke|p2|Incineroar, L50, M|
|poke|p2|Sylveon, L50, F, shiny|
|poke|p2|Basculegion, L50, M|
|poke|p2|Venusaur, L50, M|
|poke|p2|Kommo-o, L50, M|
|teampreview|4
|inactive|Battle timer is ON: inactive players will automatically lose when time's up. (requested by JasonVGC2026D)
|inactive|megagenger2023 has 60 seconds left.
|inactive|JasonVGC2026D has 60 seconds left.
|
|t:|1780223676
|teamsize|p1|4
|teamsize|p2|4
|start
|switch|p1a: Froslass|Froslass, L50, F|100/100
|switch|p1b: Archaludon|Archaludon, L50, M|100/100
|switch|p2a: Venusaur|Venusaur, L50, M|100/100
|switch|p2b: Kommo-o|Kommo-o, L50, M|100/100
|turn|1
|
|t:|1780223698
|switch|p2b: Incineroar|Incineroar, L50, M|100/100
|-ability|p2b: Incineroar|Intimidate|boost
|-unboost|p1a: Froslass|atk|1
|-unboost|p1b: Archaludon|atk|1
|detailschange|p1a: Froslass|Froslass-Mega, L50, F
|-mega|p1a: Froslass|Froslass|Froslassite
|-weather|Snowscape|[from] ability: Snow Warning|[of] p1a: Froslass
|detailschange|p2a: Venusaur|Venusaur-Mega, L50, M
|-mega|p2a: Venusaur|Venusaur|Venusaurite
|move|p1a: Froslass|Aurora Veil|p1a: Froslass
|-sidestart|p1: megagenger2023|move: Aurora Veil
|move|p1b: Archaludon|Dragon Pulse|p2a: Venusaur
|-damage|p2a: Venusaur|65/100
|move|p2a: Venusaur|Giga Drain|p1a: Froslass
|-damage|p1a: Froslass|70/100
|-heal|p2a: Venusaur|80/100|[from] drain|[of] p1a: Froslass
|
|-weather|Snowscape|[upkeep]
|upkeep
|turn|2
|inactive|megagenger2023 has 30 seconds left.
|inactive|JasonVGC2026D has 30 seconds left.
|
|t:|1780223736
|switch|p1a: Politoed|Politoed, L50, M|100/100
|-weather|RainDance|[from] ability: Drizzle|[of] p1a: Politoed
|move|p1b: Archaludon|Electro Shot||[still]
|-prepare|p1b: Archaludon|Electro Shot
|-boost|p1b: Archaludon|spa|1
|-anim|p1b: Archaludon|Electro Shot|p2b: Incineroar
|-damage|p2b: Incineroar|53/100
|move|p2a: Venusaur|Giga Drain|p1a: Politoed
|-supereffective|p1a: Politoed|1
|-damage|p1a: Politoed|56/100
|-heal|p2a: Venusaur|100/100|[from] drain|[of] p1a: Politoed
|move|p2b: Incineroar|Parting Shot|p1b: Archaludon
|-unboost|p1b: Archaludon|atk|1
|-unboost|p1b: Archaludon|spa|1
|
|t:|1780223751
|switch|p2b: Kommo-o|Kommo-o, L50, M|100/100|[from] Parting Shot
|
|-weather|RainDance|[upkeep]
|upkeep
|turn|3
|inactive|megagenger2023 has 30 seconds left.
|
|t:|1780223779
|switch|p1a: Froslass|Froslass-Mega, L50, F|70/100
|-weather|Snowscape|[from] ability: Snow Warning|[of] p1a: Froslass
|move|p2b: Kommo-o|Protect|p2b: Kommo-o
|-singleturn|p2b: Kommo-o|Protect
|move|p1b: Archaludon|Dragon Pulse|p2b: Kommo-o
|-activate|p2b: Kommo-o|move: Protect
|move|p2a: Venusaur|Giga Drain|p1a: Froslass
|-damage|p1a: Froslass|43/100
|
|-weather|Snowscape|[upkeep]
|upkeep
|turn|4
|inactive|megagenger2023 has 30 seconds left.
|inactive|megagenger2023 has 20 seconds left.
|
|t:|1780223815
|switch|p2b: Incineroar|Incineroar, L50, M|53/100
|-ability|p2b: Incineroar|Intimidate|boost
|-unboost|p1a: Froslass|atk|1
|-unboost|p1b: Archaludon|atk|1
|move|p1a: Froslass|Blizzard|p2b: Incineroar|[spread] p2a,p2b
|-supereffective|p2a: Venusaur|1
|-resisted|p2b: Incineroar|1
|-damage|p2a: Venusaur|65/100
|-damage|p2b: Incineroar|38/100
|-enditem|p2b: Incineroar|Sitrus Berry|[eat]
|-heal|p2b: Incineroar|63/100|[from] item: Sitrus Berry
|move|p1b: Archaludon|Dragon Pulse|p2b: Incineroar
|-damage|p2b: Incineroar|33/100
|move|p2a: Venusaur|Giga Drain|p1a: Froslass
|-damage|p1a: Froslass|15/100
|-heal|p2a: Venusaur|80/100|[from] drain|[of] p1a: Froslass
|
|-weather|Snowscape|[upkeep]
|upkeep
|turn|5
|inactive|megagenger2023 has 30 seconds left.
|inactive|JasonVGC2026D has 30 seconds left.
|inactive|megagenger2023 has 20 seconds left.
|
|t:|1780223852
|move|p1a: Froslass|Protect|p1a: Froslass
|-singleturn|p1a: Froslass|Protect
|move|p1b: Archaludon|Protect|p1b: Archaludon
|-singleturn|p1b: Archaludon|Protect
|move|p2a: Venusaur|Giga Drain|p1a: Froslass
|-activate|p1a: Froslass|move: Protect
|move|p2b: Incineroar|Parting Shot|p1b: Archaludon
|-activate|p1b: Archaludon|move: Protect
|
|-weather|Snowscape|[upkeep]
|-sideend|p1: megagenger2023|move: Aurora Veil
|upkeep
|turn|6
|inactive|megagenger2023 has 30 seconds left.
|inactive|megagenger2023 has 20 seconds left.
|
|t:|1780223889
|move|p1a: Froslass|Aurora Veil|p1a: Froslass
|-sidestart|p1: megagenger2023|move: Aurora Veil
|move|p1b: Archaludon|Dragon Pulse|p2b: Incineroar
|-damage|p2b: Incineroar|1/100
|move|p2a: Venusaur|Giga Drain|p1a: Froslass
|-damage|p1a: Froslass|0 fnt
|-heal|p2a: Venusaur|88/100|[from] drain|[of] p1a: Froslass
|faint|p1a: Froslass
|move|p2b: Incineroar|Parting Shot|p1b: Archaludon
|-unboost|p1b: Archaludon|atk|1
|-unboost|p1b: Archaludon|spa|1
|
|t:|1780223900
|switch|p2b: Kommo-o|Kommo-o, L50, M|100/100|[from] Parting Shot
|
|-weather|Snowscape|[upkeep]
|upkeep
|
|t:|1780223903
|switch|p1a: Politoed|Politoed, L50, M|56/100
|-weather|RainDance|[from] ability: Drizzle|[of] p1a: Politoed
|turn|7
|
|t:|1780223914
|move|p2b: Kommo-o|Clangorous Soul|p2b: Kommo-o
|-boost|p2b: Kommo-o|atk|1
|-boost|p2b: Kommo-o|def|1
|-boost|p2b: Kommo-o|spa|1
|-boost|p2b: Kommo-o|spd|1
|-boost|p2b: Kommo-o|spe|1
|-damage|p2b: Kommo-o|67/100
|move|p1b: Archaludon|Electro Shot||[still]
|-prepare|p1b: Archaludon|Electro Shot
|-boost|p1b: Archaludon|spa|1
|-anim|p1b: Archaludon|Electro Shot|p2a: Venusaur
|-resisted|p2a: Venusaur|1
|-damage|p2a: Venusaur|71/100
|move|p2a: Venusaur|Earth Power|p1b: Archaludon
|-supereffective|p1b: Archaludon|1
|-damage|p1b: Archaludon|60/100
|-ability|p1b: Archaludon|Stamina|boost
|-boost|p1b: Archaludon|def|1
|move|p1a: Politoed|Hypnosis|p2b: Kommo-o|[miss]
|-miss|p1a: Politoed|p2b: Kommo-o
|
|-weather|RainDance|[upkeep]
|-heal|p2b: Kommo-o|73/100|[from] item: Leftovers
|-heal|p1b: Archaludon|66/100|[from] item: Leftovers
|upkeep
|turn|8
|
|t:|1780223939
|switch|p1a: Sinistcha|Sinistcha-Masterpiece, L50|100/100
|-heal|p1b: Archaludon|91/100|[from] ability: Hospitality|[of] p1a: Sinistcha
|move|p2b: Kommo-o|Protect|p2b: Kommo-o
|-singleturn|p2b: Kommo-o|Protect
|move|p1b: Archaludon|Electro Shot||[still]
|-prepare|p1b: Archaludon|Electro Shot
|-boost|p1b: Archaludon|spa|1
|-anim|p1b: Archaludon|Electro Shot|p2b: Kommo-o
|-activate|p2b: Kommo-o|move: Protect
|move|p2a: Venusaur|Earth Power|p1b: Archaludon
|-supereffective|p1b: Archaludon|1
|-damage|p1b: Archaludon|50/100g
|-ability|p1b: Archaludon|Stamina|boost
|-boost|p1b: Archaludon|def|1
|
|-weather|RainDance|[upkeep]
|-heal|p2b: Kommo-o|79/100|[from] item: Leftovers
|-heal|p1b: Archaludon|56/100|[from] item: Leftovers
|upkeep
|turn|9
|inactive|JasonVGC2026D has 30 seconds left.
|
|t:|1780223970
|move|p1a: Sinistcha|Rage Powder|p1a: Sinistcha
|-singleturn|p1a: Sinistcha|move: Rage Powder
|move|p2b: Kommo-o|Clanging Scales|p1b: Archaludon|[spread] p1a,p1b
|-crit|p1b: Archaludon
|-damage|p1a: Sinistcha|71/100
|-damage|p1b: Archaludon|0 fnt
|faint|p1b: Archaludon
|-unboost|p2b: Kommo-o|def|1
|move|p2a: Venusaur|Earth Power|p1a: Sinistcha
|-resisted|p1a: Sinistcha|1
|-damage|p1a: Sinistcha|61/100
|
|-weather|RainDance|[upkeep]
|-heal|p2b: Kommo-o|85/100|[from] item: Leftovers
|upkeep
|-message|megagenger2023 forfeited.
|
|win|JasonVGC2026D
|raw|megagenger2023's rating: 1901 &rarr; <strong>1879</strong><br />(-22 for losing)
|raw|JasonVGC2026D's rating: 1859 &rarr; <strong>1881</strong><br />(+22 for winning)
|l|☆megagenger2023
|player|p1|
|l|☆JasonVGC2026D
|player|p2|
