|j|☆Murphy's kitchen
|j|☆klanes1209
|t:|1780058889
|gametype|doubles
|player|p1|Murphy's kitchen|266|1878
|player|p2|klanes1209|1|1979
|gen|9
|tier|[Gen 9 Champions] VGC 2026 Reg M-A
|rated|
|rule|Species Clause: Limit one of each Pokémon
|rule|Item Clause: Limit 1 of each item
|clearpoke
|poke|p1|Excadrill, L50, M|
|poke|p1|Hydreigon, L50, F|
|poke|p1|Rotom-Wash, L50|
|poke|p1|Scovillain, L50, F|
|poke|p1|Sneasler, L50, F|
|poke|p1|Tyranitar, L50, M|
|poke|p2|Blastoise, L50, F|
|poke|p2|Garchomp, L50, F|
|poke|p2|Vivillon-Pokeball, L50, M|
|poke|p2|Sinistcha-Masterpiece, L50|
|poke|p2|Sneasler, L50, F|
|poke|p2|Pelipper, L50, M|
|teampreview|4
|j| ryomensugoona
|c| ryomensugoona|holy
|
|t:|1780058918
|teamsize|p1|4
|teamsize|p2|4
|start
|switch|p1a: Excadrill|Excadrill, L50, M|100/100
|switch|p1b: Tyranitar|Tyranitar, L50, M|100/100
|switch|p2a: Blastoise|Blastoise, L50, F|100/100
|switch|p2b: Sneasler|Sneasler, L50, F|100/100
|-weather|Sandstorm|[from] ability: Sand Stream|[of] p1b: Tyranitar
|turn|1
|l| ryomensugoona
|
|t:|1780058944
|detailschange|p2a: Blastoise|Blastoise-Mega, L50, F
|-mega|p2a: Blastoise|Blastoise|Blastoisinite
|move|p2b: Sneasler|Feint|p1a: Excadrill
|-resisted|p1a: Excadrill|1
|-damage|p1a: Excadrill|93/100
|move|p1a: Excadrill|Earthquake|p2b: Sneasler|[spread] p1b,p2a,p2b
|-supereffective|p1b: Tyranitar|1
|-supereffective|p2b: Sneasler|1
|-damage|p1b: Tyranitar|24/100
|-damage|p2a: Blastoise|61/100
|-damage|p2b: Sneasler|0 fnt
|faint|p2b: Sneasler
|move|p2a: Blastoise|Water Spout|p1a: Excadrill|[spread] p1a,p1b
|-supereffective|p1a: Excadrill|1
|-supereffective|p1b: Tyranitar|1
|-damage|p1a: Excadrill|0 fnt
|-damage|p1b: Tyranitar|0 fnt
|faint|p1a: Excadrill
|faint|p1b: Tyranitar
|
|-weather|Sandstorm|[upkeep]
|-damage|p2a: Blastoise|55/100|[from] Sandstorm
|upkeep
|
|t:|1780058971
|switch|p2b: Pelipper|Pelipper, L50, M|100/100
|switch|p1a: Rotom|Rotom-Wash, L50|100/100
|switch|p1b: Hydreigon|Hydreigon, L50, F|100/100
|-weather|RainDance|[from] ability: Drizzle|[of] p2b: Pelipper
|turn|2
|j| Claarity
|
|t:|1780058990
|switch|p2b: Sinistcha|Sinistcha-Masterpiece, L50|100/100
|-heal|p2a: Blastoise|80/100|[from] ability: Hospitality|[of] p2b: Sinistcha
|move|p2a: Blastoise|Protect|p2a: Blastoise
|-singleturn|p2a: Blastoise|Protect
|move|p1b: Hydreigon|Snarl|p2a: Blastoise|[spread] p2b
|-activate|p2a: Blastoise|move: Protect
|-supereffective|p2b: Sinistcha|1
|-damage|p2b: Sinistcha|61/100
|-unboost|p2b: Sinistcha|spa|1
|move|p1a: Rotom|Electroweb|p2a: Blastoise|[spread] p2b
|-activate|p2a: Blastoise|move: Protect
|-resisted|p2b: Sinistcha|1
|-damage|p2b: Sinistcha|50/100g
|-unboost|p2b: Sinistcha|spe|1
|
|-weather|RainDance|[upkeep]
|upkeep
|turn|3
|
|t:|1780059029
|move|p1b: Hydreigon|Snarl|p2a: Blastoise|[spread] p2a,p2b
|-supereffective|p2b: Sinistcha|1
|-damage|p2a: Blastoise|59/100
|-damage|p2b: Sinistcha|12/100
|-unboost|p2a: Blastoise|spa|1
|-unboost|p2b: Sinistcha|spa|1
|move|p1a: Rotom|Hydro Pump|p2b: Sinistcha
|-resisted|p2b: Sinistcha|1
|-damage|p2b: Sinistcha|0 fnt
|faint|p2b: Sinistcha
|move|p2a: Blastoise|Shell Smash|p2a: Blastoise
|-unboost|p2a: Blastoise|def|1
|-unboost|p2a: Blastoise|spd|1
|-boost|p2a: Blastoise|atk|2
|-boost|p2a: Blastoise|spa|2
|-boost|p2a: Blastoise|spe|2
|
|-weather|RainDance|[upkeep]
|upkeep
|
|t:|1780059044
|switch|p2b: Pelipper|Pelipper, L50, M|100/100
|turn|4
|
|t:|1780059055
|move|p2a: Blastoise|Dark Pulse|p1a: Rotom
|-damage|p1a: Rotom|20/100y
|move|p1b: Hydreigon|Snarl|p2a: Blastoise|[spread] p2a,p2b
|-damage|p2a: Blastoise|29/100
|-damage|p2b: Pelipper|62/100
|-unboost|p2a: Blastoise|spa|1
|-unboost|p2b: Pelipper|spa|1
|move|p2b: Pelipper|Hurricane|p1b: Hydreigon
|-damage|p1b: Hydreigon|65/100
|-start|p1b: Hydreigon|confusion
|move|p1a: Rotom|Thunderbolt|p2a: Blastoise
|-supereffective|p2a: Blastoise|1
|-damage|p2a: Blastoise|0 fnt
|faint|p2a: Blastoise
|
|-weather|RainDance|[upkeep]
|upkeep
|turn|5
|
|t:|1780059076
|move|p1a: Rotom|Protect|p1a: Rotom
|-singleturn|p1a: Rotom|Protect
|-activate|p1b: Hydreigon|confusion
|-damage|p1b: Hydreigon|54/100|[from] confusion
|move|p2b: Pelipper|Hurricane|p1a: Rotom
|-activate|p1a: Rotom|move: Protect
|
|-weather|RainDance|[upkeep]
|upkeep
|turn|6
|
|t:|1780059089
|-activate|p1b: Hydreigon|confusion
|move|p1b: Hydreigon|Snarl|p2b: Pelipper
|-damage|p2b: Pelipper|15/100
|-unboost|p2b: Pelipper|spa|1
|move|p2b: Pelipper|Hurricane|p1a: Rotom
|-resisted|p1a: Rotom|1
|-damage|p1a: Rotom|6/100
|move|p1a: Rotom|Thunderbolt|p2b: Pelipper
|-supereffective|p2b: Pelipper|2
|-damage|p2b: Pelipper|0 fnt
|faint|p2b: Pelipper
|
|win|Murphy's kitchen
|raw|Murphy&apos;s kitchen's rating: 1878 &rarr; <strong>1904</strong><br />(+26 for winning)
|raw|klanes1209's rating: 1979 &rarr; <strong>1953</strong><br />(-26 for losing)
|l|☆klanes1209
|player|p2|
|l|☆Murphy's kitchen
|player|p1|
|j|☆klanes1209
|player|p2|klanes1209|1|
|l| Claarity
