|j|☆pablodfekir
|j|☆silhumyong
|t:|1776952293
|gametype|doubles
|player|p1|pablodfekir|265|1675
|player|p2|silhumyong|rosa|1697
|gen|9
|tier|[Gen 9 Champions] VGC 2026 Reg M-A
|rated|
|rule|Species Clause: Limit one of each Pokémon
|rule|Item Clause: Limit 1 of each item
|clearpoke
|poke|p1|Floette-Eternal, L50, F, shiny|
|poke|p1|Whimsicott, L50, F|
|poke|p1|Incineroar, L50, F|
|poke|p1|Rotom-Wash, L50|
|poke|p1|Sneasler, L50, F, shiny|
|poke|p1|Garchomp, L50, M|
|poke|p2|Froslass, L50, F, shiny|
|poke|p2|Kingambit, L50, F, shiny|
|poke|p2|Sneasler, L50, F, shiny|
|poke|p2|Dragonite, L50, F, shiny|
|poke|p2|Milotic, L50, F, shiny|
|poke|p2|Basculegion, L50, M, shiny|
|teampreview|4
|j| Bayern72915
|
|t:|1776952338
|teamsize|p1|4
|teamsize|p2|4
|start
|switch|p1a: Whimsicott|Whimsicott, L50, F|100/100
|switch|p1b: Floette|Floette-Eternal, L50, F, shiny|100/100
|switch|p2a: Froslass|Froslass, L50, F, shiny|100/100
|switch|p2b: Sneasler|Sneasler, L50, F, shiny|100/100
|turn|1
|
|t:|1776952358
|detailschange|p2a: Froslass|Froslass-Mega, L50, F, shiny
|-mega|p2a: Froslass|Froslass|Froslassite
|-weather|Snowscape|[from] ability: Snow Warning|[of] p2a: Froslass
|detailschange|p1b: Floette|Floette-Mega, L50, F, shiny
|-mega|p1b: Floette|Floette|Floettite
|-ability|p1b: Floette|Fairy Aura
|move|p1b: Floette|Protect|p1b: Floette
|-singleturn|p1b: Floette|Protect
|move|p2b: Sneasler|Fake Out|p1a: Whimsicott
|-damage|p1a: Whimsicott|82/100
|move|p2a: Froslass|Blizzard|p1b: Floette|[spread] p1a
|-activate|p1b: Floette|move: Protect
|-supereffective|p1a: Whimsicott|1
|-damage|p1a: Whimsicott|0 fnt
|faint|p1a: Whimsicott
|
|-weather|Snowscape|[upkeep]
|upkeep
|
|t:|1776952374
|switch|p1a: Rotom|Rotom-Wash, L50|100/100
|turn|2
|
|t:|1776952381
|move|p2a: Froslass|Aurora Veil|p2a: Froslass
|-sidestart|p2: silhumyong|move: Aurora Veil
|move|p2b: Sneasler|Dire Claw|p1b: Floette
|-supereffective|p1b: Floette|1
|-damage|p1b: Floette|36/100
|move|p1b: Floette|Moonblast|p2a: Froslass
|-damage|p2a: Froslass|54/100
|move|p1a: Rotom|Hydro Pump|p2a: Froslass
|-damage|p2a: Froslass|21/100
|
|-weather|Snowscape|[upkeep]
|upkeep
|turn|3
|
|t:|1776952395
|move|p1b: Floette|Protect|p1b: Floette
|-singleturn|p1b: Floette|Protect
|move|p2a: Froslass|Blizzard|p1b: Floette|[spread] p1a
|-activate|p1b: Floette|move: Protect
|-resisted|p1a: Rotom|1
|-damage|p1a: Rotom|79/100
|move|p2b: Sneasler|Close Combat|p1a: Rotom
|-damage|p1a: Rotom|25/100
|-unboost|p2b: Sneasler|def|1
|-unboost|p2b: Sneasler|spd|1
|-enditem|p1a: Rotom|Sitrus Berry|[eat]
|-heal|p1a: Rotom|50/100|[from] item: Sitrus Berry
|-enditem|p2b: Sneasler|White Herb
|-clearnegativeboost|p2b: Sneasler|[silent]
|move|p1a: Rotom|Thunderbolt|p2a: Froslass
|-damage|p2a: Froslass|0 fnt
|faint|p2a: Froslass
|
|-weather|Snowscape|[upkeep]
|upkeep
|
|t:|1776952398
|switch|p2a: Dragonite|Dragonite, L50, F, shiny|100/100
|turn|4
|j| Garca97
|
|t:|1776952418
|switch|p1b: Garchomp|Garchomp, L50, M|100/100
|move|p2b: Sneasler|Dire Claw|p1b: Garchomp
|-resisted|p1b: Garchomp|1
|-damage|p1b: Garchomp|84/100
|-damage|p2b: Sneasler|88/100|[from] ability: Rough Skin|[of] p1b: Garchomp
|move|p1a: Rotom|Will-O-Wisp|p2a: Dragonite
|-status|p2a: Dragonite|brn
|move|p2a: Dragonite|Dragon Claw|p1a: Rotom
|-damage|p1a: Rotom|21/100
|
|-weather|Snowscape|[upkeep]
|-damage|p2a: Dragonite|95/100 brn|[from] brn
|upkeep
|turn|5
|
|t:|1776952442
|move|p1b: Garchomp|Protect|p1b: Garchomp
|-singleturn|p1b: Garchomp|Protect
|move|p2b: Sneasler|Dire Claw|p1a: Rotom
|-damage|p1a: Rotom|0 fnt
|faint|p1a: Rotom
|move|p2a: Dragonite|Tailwind|p2a: Dragonite
|-sidestart|p2: silhumyong|move: Tailwind
|
|-weather|none
|-damage|p2a: Dragonite|89/100 brn|[from] brn
|upkeep
|
|t:|1776952447
|switch|p1a: Floette|Floette-Mega, L50, F, shiny|36/100
|-ability|p1a: Floette|Fairy Aura
|turn|6
|
|t:|1776952455
|move|p2b: Sneasler|Close Combat|p1b: Garchomp
|-damage|p1b: Garchomp|34/100
|-unboost|p2b: Sneasler|def|1
|-unboost|p2b: Sneasler|spd|1
|-damage|p2b: Sneasler|76/100|[from] ability: Rough Skin|[of] p1b: Garchomp
|move|p2a: Dragonite|Dragon Claw|p1b: Garchomp
|-supereffective|p1b: Garchomp|1
|-damage|p1b: Garchomp|0 fnt
|-damage|p2a: Dragonite|76/100 brn|[from] ability: Rough Skin|[of] p1b: Garchomp
|faint|p1b: Garchomp
|move|p1a: Floette|Moonblast|p2a: Dragonite
|-supereffective|p2a: Dragonite|1
|-damage|p2a: Dragonite|0 fnt
|faint|p2a: Dragonite
|
|-sideend|p2: silhumyong|move: Aurora Veil
|upkeep
|
|t:|1776952457
|switch|p2a: Basculegion|Basculegion, L50, M, shiny|100/100
|turn|7
|
|t:|1776952469
|move|p2b: Sneasler|Dire Claw|p1a: Floette
|-supereffective|p1a: Floette|1
|-damage|p1a: Floette|0 fnt
|faint|p1a: Floette
|
|win|silhumyong
|raw|pablodfekir's rating: 1675 &rarr; <strong>1656</strong><br />(-19 for losing)
|raw|silhumyong's rating: 1697 &rarr; <strong>1716</strong><br />(+19 for winning)
|l|☆pablodfekir
|player|p1|
