|j|☆SkelyStealth
|j|☆Daniarceus
|t:|1776988895
|gametype|doubles
|player|p1|SkelyStealth|169|1697
|player|p2|Daniarceus|101|1666
|gen|9
|tier|[Gen 9 Champions] VGC 2026 Reg M-A
|rated|
|rule|Species Clause: Limit one of each Pokémon
|rule|Item Clause: Limit 1 of each item
|clearpoke
|poke|p1|Farigiraf, L50, F|
|poke|p1|Mimikyu, L50, M|
|poke|p1|Incineroar, L50, M|
|poke|p1|Torkoal, L50, F|
|poke|p1|Crabominable, L50, F|
|poke|p1|Venusaur, L50, M|
|poke|p2|Maushold, L50|
|poke|p2|Talonflame, L50, M|
|poke|p2|Gardevoir, L50, F|
|poke|p2|Garchomp, L50, F|
|poke|p2|Kingambit, L50, M|
|poke|p2|Basculegion, L50, M|
|teampreview|4
|inactive|Battle timer is ON: inactive players will automatically lose when time's up. (requested by SkelyStealth)
|inactive|Daniarceus has 60 seconds left.
|
|t:|1776988941
|teamsize|p1|4
|teamsize|p2|4
|start
|switch|p1a: Lazy Cat|Incineroar, L50, M|100/100
|switch|p1b: Headlock|Farigiraf, L50, F|100/100
|switch|p2a: Maushold|Maushold, L50|100/100
|switch|p2b: Gardevoir|Gardevoir, L50, F|100/100
|-ability|p1a: Lazy Cat|Intimidate|boost
|-unboost|p2a: Maushold|atk|1
|-unboost|p2b: Gardevoir|atk|1
|turn|1
|inactive|SkelyStealth has 30 seconds left.
|inactive|Daniarceus has 30 seconds left.
|inactive|Daniarceus has 20 seconds left.
|inactive|SkelyStealth has 20 seconds left.
|inactive|SkelyStealth has 15 seconds left.
|inactive|SkelyStealth has 10 seconds left.
|
|t:|1776988992
|detailschange|p2b: Gardevoir|Gardevoir-Mega, L50, F
|-mega|p2b: Gardevoir|Gardevoir|Gardevoirite
|move|p1a: Lazy Cat|Fake Out|p2a: Maushold
|-damage|p2a: Maushold|82/100
|cant|p2a: Maushold|flinch
|move|p2b: Gardevoir|Hyper Voice|p1b: Headlock|[spread] p1a,p1b
|-damage|p1a: Lazy Cat|51/100
|-damage|p1b: Headlock|62/100
|move|p1b: Headlock|Trick Room|p1b: Headlock
|-fieldstart|move: Trick Room|[of] p1b: Headlock
|
|upkeep
|turn|2
|inactive|SkelyStealth has 30 seconds left.
|
|t:|1776989025
|move|p2a: Maushold|Follow Me|p2a: Maushold
|-singleturn|p2a: Maushold|move: Follow Me
|move|p1b: Headlock|Reflect|p1b: Headlock
|-sidestart|p1: SkelyStealth|Reflect
|move|p1a: Lazy Cat|Close Combat|p2a: Maushold
|-supereffective|p2a: Maushold|1
|-damage|p2a: Maushold|0 fnt
|-unboost|p1a: Lazy Cat|def|1
|-unboost|p1a: Lazy Cat|spd|1
|faint|p2a: Maushold
|-enditem|p1a: Lazy Cat|White Herb
|-clearnegativeboost|p1a: Lazy Cat|[silent]
|move|p2b: Gardevoir|Trick Room|p2b: Gardevoir
|-fieldend|move: Trick Room
|
|upkeep
|
|t:|1776989037
|switch|p2a: Garchomp|Garchomp, L50, F|100/100
|turn|3
|
|t:|1776989054
|move|p2a: Garchomp|Dragon Claw|p1b: Headlock
|-damage|p1b: Headlock|32/100
|-enditem|p1b: Headlock|Sitrus Berry|[eat]
|-heal|p1b: Headlock|57/100|[from] item: Sitrus Berry
|move|p2b: Gardevoir|Hyper Voice|p1b: Headlock|[spread] p1a,p1b
|-damage|p1a: Lazy Cat|4/100
|-damage|p1b: Headlock|15/100
|move|p1a: Lazy Cat|Darkest Lariat|p2a: Garchomp
|-damage|p2a: Garchomp|64/100
|-damage|p1a: Lazy Cat|0 fnt|[from] ability: Rough Skin|[of] p2a: Garchomp
|faint|p1a: Lazy Cat
|move|p1b: Headlock|Trick Room|p1b: Headlock
|-fieldstart|move: Trick Room|[of] p1b: Headlock
|
|upkeep
|
|t:|1776989075
|switch|p1a: Kani|Crabominable, L50, F|100/100
|turn|4
|
|t:|1776989086
|detailschange|p1a: Kani|Crabominable-Mega, L50, F
|-mega|p1a: Kani|Crabominable|Crabominite
|move|p1b: Headlock|Helping Hand|p1a: Kani
|-singleturn|p1a: Kani|Helping Hand|[of] p1b: Headlock
|move|p2b: Gardevoir|Protect|p2b: Gardevoir
|-singleturn|p2b: Gardevoir|Protect
|move|p2a: Garchomp|Protect|p2a: Garchomp
|-singleturn|p2a: Garchomp|Protect
|move|p1a: Kani|Ice Hammer|p2b: Gardevoir
|-activate|p2b: Gardevoir|move: Protect
|
|upkeep
|turn|5
|inactive|Daniarceus has 30 seconds left.
|
|t:|1776989125
|switch|p2b: Basculegion|Basculegion, L50, M|100/100
|move|p1a: Kani|Ice Hammer|p2b: Basculegion
|-resisted|p2b: Basculegion|1
|-damage|p2b: Basculegion|53/100
|-unboost|p1a: Kani|spe|1
|move|p1b: Headlock|Psychic|p2b: Basculegion
|-damage|p2b: Basculegion|23/100
|-enditem|p2b: Basculegion|Sitrus Berry|[eat]
|-heal|p2b: Basculegion|48/100|[from] item: Sitrus Berry
|move|p2a: Garchomp|Dragon Claw|p1a: Kani
|-damage|p1a: Kani|79/100
|
|upkeep
|turn|6
|inactive|Daniarceus has 30 seconds left.
|
|t:|1776989158
|move|p2b: Basculegion|Protect|p2b: Basculegion
|-singleturn|p2b: Basculegion|Protect
|move|p2a: Garchomp|Protect|p2a: Garchomp
|-singleturn|p2a: Garchomp|Protect
|move|p1a: Kani|Knock Off|p2b: Basculegion
|-activate|p2b: Basculegion|move: Protect
|move|p1b: Headlock|Psychic|p2a: Garchomp
|-activate|p2a: Garchomp|move: Protect
|
|-sideend|p1: SkelyStealth|Reflect
|upkeep
|turn|7
|inactive|SkelyStealth has 30 seconds left.
|
|t:|1776989191
|move|p2b: Basculegion|Protect||[still]
|-fail|p2b: Basculegion
|move|p2a: Garchomp|Protect|p2a: Garchomp
|-singleturn|p2a: Garchomp|Protect
|move|p1a: Kani|Ice Hammer|p2a: Garchomp
|-activate|p2a: Garchomp|move: Protect
|move|p1b: Headlock|Reflect|p1b: Headlock
|-sidestart|p1: SkelyStealth|Reflect
|
|-fieldend|move: Trick Room
|upkeep
|turn|8
|j| GoodraSweetheart76
|inactive|Daniarceus has 30 seconds left.
|inactive|Daniarceus has 20 seconds left.
|inactive|Daniarceus has 15 seconds left.
|
|t:|1776989234
|move|p2b: Basculegion|Protect|p2b: Basculegion
|-singleturn|p2b: Basculegion|Protect
|move|p2a: Garchomp|Dragon Claw|p1b: Headlock
|-damage|p1b: Headlock|0 fnt
|faint|p1b: Headlock
|move|p1a: Kani|Ice Hammer|p2a: Garchomp
|-supereffective|p2a: Garchomp|2
|-damage|p2a: Garchomp|0 fnt
|-unboost|p1a: Kani|spe|1
|-damage|p1a: Kani|67/100|[from] ability: Rough Skin|[of] p2a: Garchomp
|faint|p2a: Garchomp
|
|upkeep
|
|t:|1776989238
|switch|p2a: Gardevoir|Gardevoir-Mega, L50, F|100/100
|switch|p1b: Sun's up|Torkoal, L50, F|100/100
|-weather|SunnyDay|[from] ability: Drought|[of] p1b: Sun's up
|turn|9
|
|t:|1776989248
|move|p2a: Gardevoir|Hyper Voice|p1a: Kani|[spread] p1a,p1b
|-supereffective|p1a: Kani|1
|-resisted|p1b: Sun's up|1
|-damage|p1a: Kani|0 fnt
|-damage|p1b: Sun's up|67/100
|faint|p1a: Kani
|move|p2b: Basculegion|Last Respects|p1b: Sun's up
|-damage|p1b: Sun's up|20/100
|move|p1b: Sun's up|Heat Wave|p2a: Gardevoir|[spread] p2a,p2b
|-resisted|p2b: Basculegion|1
|-damage|p2a: Gardevoir|61/100
|-damage|p2b: Basculegion|23/100
|
|-weather|SunnyDay|[upkeep]
|upkeep
|turn|10
|c|☆SkelyStealth|gg
|c|☆Daniarceus|gg
|
|t:|1776989261
|move|p2a: Gardevoir|Hyper Voice|p1b: Sun's up
|-resisted|p1b: Sun's up|1
|-crit|p1b: Sun's up
|-damage|p1b: Sun's up|0 fnt
|faint|p1b: Sun's up
|
|win|Daniarceus
|raw|SkelyStealth's rating: 1697 &rarr; <strong>1675</strong><br />(-22 for losing)
|raw|Daniarceus's rating: 1666 &rarr; <strong>1688</strong><br />(+22 for winning)
