|j|☆megagenger2023
|j|☆Sheeshshane925
|t:|1780036301
|gametype|doubles
|player|p1|megagenger2023|170|2011
|player|p2|Sheeshshane925|crasherwake|1897
|gen|9
|tier|[Gen 9 Champions] VGC 2026 Reg M-A
|rated|
|rule|Species Clause: Limit one of each Pokémon
|rule|Item Clause: Limit 1 of each item
|clearpoke
|poke|p1|Gengar, L50, M|
|poke|p1|Archaludon, L50, F|
|poke|p1|Politoed, L50, M|
|poke|p1|Incineroar, L50, F|
|poke|p1|Sinistcha-Masterpiece, L50|
|poke|p1|Froslass, L50, F|
|poke|p2|Scizor, L50, M|
|poke|p2|Dragonite, L50, F, shiny|
|poke|p2|Archaludon, L50, M, shiny|
|poke|p2|Pelipper, L50, F, shiny|
|poke|p2|Basculegion, L50, M|
|poke|p2|Sneasler, L50, M|
|teampreview|4
|inactive|Battle timer is ON: inactive players will automatically lose when time's up. (requested by Sheeshshane925)
|
|t:|1780036336
|teamsize|p1|4
|teamsize|p2|4
|start
|switch|p1a: Froslass|Froslass, L50, F|100/100
|switch|p1b: Archaludon|Archaludon, L50, F|100/100
|switch|p2a: Dragonite|Dragonite, L50, F, shiny|100/100
|switch|p2b: Pelipper|Pelipper, L50, F, shiny|100/100
|-weather|RainDance|[from] ability: Drizzle|[of] p2b: Pelipper
|turn|1
|
|t:|1780036352
|detailschange|p1a: Froslass|Froslass-Mega, L50, F
|-mega|p1a: Froslass|Froslass|Froslassite
|-weather|Snowscape|[from] ability: Snow Warning|[of] p1a: Froslass
|detailschange|p2a: Dragonite|Dragonite-Mega, L50, F, shiny
|-mega|p2a: Dragonite|Dragonite|Dragoninite
|move|p1b: Archaludon|Protect|p1b: Archaludon
|-singleturn|p1b: Archaludon|Protect
|move|p2b: Pelipper|Wide Guard|p2b: Pelipper
|-singleturn|p2b: Pelipper|Wide Guard
|move|p1a: Froslass|Aurora Veil|p1a: Froslass
|-sidestart|p1: megagenger2023|move: Aurora Veil
|move|p2a: Dragonite|Dragon Pulse|p1b: Archaludon
|-activate|p1b: Archaludon|move: Protect
|
|-weather|Snowscape|[upkeep]
|upkeep
|turn|2
|
|t:|1780036376
|move|p2b: Pelipper|Wide Guard|p2b: Pelipper
|-singleturn|p2b: Pelipper|Wide Guard
|move|p1a: Froslass|Blizzard|p2b: Pelipper|[spread] 
|-activate|p2a: Dragonite|move: Wide Guard
|-activate|p2b: Pelipper|move: Wide Guard
|move|p2a: Dragonite|Dragon Pulse|p1b: Archaludon
|-damage|p1b: Archaludon|65/100
|-ability|p1b: Archaludon|Stamina|boost
|-boost|p1b: Archaludon|def|1
|move|p1b: Archaludon|Dragon Pulse|p2a: Dragonite
|-supereffective|p2a: Dragonite|1
|-damage|p2a: Dragonite|65/100
|
|-weather|Snowscape|[upkeep]
|-heal|p1b: Archaludon|71/100|[from] item: Leftovers
|upkeep
|turn|3
|inactive|Sheeshshane925 has 30 seconds left.
|
|t:|1780036401
|switch|p2b: Archaludon|Archaludon, L50, M, shiny|100/100
|move|p2a: Dragonite|Protect|p2a: Dragonite
|-singleturn|p2a: Dragonite|Protect
|move|p1a: Froslass|Rain Dance|p1a: Froslass
|-weather|RainDance
|move|p1b: Archaludon|Electro Shot||[still]
|-prepare|p1b: Archaludon|Electro Shot
|-boost|p1b: Archaludon|spa|1
|-anim|p1b: Archaludon|Electro Shot|p2b: Archaludon
|-resisted|p2b: Archaludon|1
|-damage|p2b: Archaludon|70/100
|-ability|p2b: Archaludon|Stamina|boost
|-boost|p2b: Archaludon|def|1
|
|-weather|RainDance|[upkeep]
|-heal|p1b: Archaludon|78/100|[from] item: Leftovers
|-heal|p2b: Archaludon|76/100|[from] item: Leftovers
|upkeep
|turn|4
|
|t:|1780036420
|switch|p1a: Sinistcha|Sinistcha-Masterpiece, L50|100/100
|-heal|p1b: Archaludon|100/100|[from] ability: Hospitality|[of] p1a: Sinistcha
|move|p2a: Dragonite|Dragon Pulse|p1a: Sinistcha
|-crit|p1a: Sinistcha
|-damage|p1a: Sinistcha|24/100
|move|p1b: Archaludon|Dragon Pulse|p2b: Archaludon
|-damage|p2b: Archaludon|24/100
|-ability|p2b: Archaludon|Stamina|boost
|-boost|p2b: Archaludon|def|1
|move|p2b: Archaludon|Electro Shot||[still]
|-prepare|p2b: Archaludon|Electro Shot
|-boost|p2b: Archaludon|spa|1
|-anim|p2b: Archaludon|Electro Shot|p1a: Sinistcha
|-resisted|p1a: Sinistcha|1
|-damage|p1a: Sinistcha|6/100
|
|-weather|RainDance|[upkeep]
|-heal|p2b: Archaludon|30/100|[from] item: Leftovers
|upkeep
|turn|5
|inactive|megagenger2023 has 30 seconds left.
|
|t:|1780036445
|move|p1a: Sinistcha|Protect|p1a: Sinistcha
|-singleturn|p1a: Sinistcha|Protect
|move|p2a: Dragonite|Dragon Pulse|p1b: Archaludon
|-damage|p1b: Archaludon|66/100
|-ability|p1b: Archaludon|Stamina|boost
|-boost|p1b: Archaludon|def|1
|move|p1b: Archaludon|Electro Shot||[still]
|-prepare|p1b: Archaludon|Electro Shot
|-boost|p1b: Archaludon|spa|1
|-anim|p1b: Archaludon|Electro Shot|p2b: Archaludon
|-resisted|p2b: Archaludon|1
|-damage|p2b: Archaludon|0 fnt
|faint|p2b: Archaludon
|
|-weather|RainDance|[upkeep]
|-heal|p1b: Archaludon|72/100|[from] item: Leftovers
|-sideend|p1: megagenger2023|move: Aurora Veil
|upkeep
|
|t:|1780036458
|switch|p2b: Basculegion|Basculegion, L50, M|100/100
|turn|6
|
|t:|1780036468
|move|p1a: Sinistcha|Rage Powder|p1a: Sinistcha
|-singleturn|p1a: Sinistcha|move: Rage Powder
|move|p2b: Basculegion|Flip Turn|p1a: Sinistcha
|-resisted|p1a: Sinistcha|1
|-damage|p1a: Sinistcha|0 fnt
|faint|p1a: Sinistcha
|
|t:|1780036474
|switch|p2b: Pelipper|Pelipper, L50, F, shiny|100/100|[from] Flip Turn
|move|p2a: Dragonite|Dragon Pulse|p1b: Archaludon
|-damage|p1b: Archaludon|25/100
|-ability|p1b: Archaludon|Stamina|boost
|-boost|p1b: Archaludon|def|1
|move|p1b: Archaludon|Electro Shot||[still]
|-prepare|p1b: Archaludon|Electro Shot
|-boost|p1b: Archaludon|spa|1
|-anim|p1b: Archaludon|Electro Shot|p2b: Pelipper
|-supereffective|p2b: Pelipper|2
|-damage|p2b: Pelipper|0 fnt
|faint|p2b: Pelipper
|
|-weather|RainDance|[upkeep]
|-heal|p1b: Archaludon|31/100|[from] item: Leftovers
|upkeep
|
|t:|1780036480
|switch|p1a: Froslass|Froslass-Mega, L50, F|100/100
|switch|p2b: Basculegion|Basculegion, L50, M|100/100
|-weather|Snowscape|[from] ability: Snow Warning|[of] p1a: Froslass
|turn|7
|
|t:|1780036496
|switch|p1a: Gengar|Gengar, L50, M|100/100
|move|p1b: Archaludon|Protect|p1b: Archaludon
|-singleturn|p1b: Archaludon|Protect
|move|p2b: Basculegion|Last Respects|p1a: Gengar
|-supereffective|p1a: Gengar|1
|-damage|p1a: Gengar|0 fnt
|-start|p2b: Basculegion|Disable|Last Respects|[from] ability: Cursed Body|[of] p1a: Gengar
|faint|p1a: Gengar
|move|p2a: Dragonite|Dragon Pulse|p1b: Archaludon
|-activate|p1b: Archaludon|move: Protect
|
|-weather|Snowscape|[upkeep]
|-heal|p1b: Archaludon|38/100|[from] item: Leftovers
|upkeep
|
|t:|1780036505
|switch|p1a: Froslass|Froslass-Mega, L50, F|100/100
|turn|8
|c|☆Sheeshshane925|gg lol
|
|t:|1780036528
|-activate|p2b: Basculegion|move: Struggle
|move|p2b: Basculegion|Struggle|p1a: Froslass
|-damage|p1a: Froslass|87/100
|-damage|p2b: Basculegion|74/100|[from] recoil
|move|p1a: Froslass|Blizzard|p2b: Basculegion|[spread] p2a,p2b
|-supereffective|p2a: Dragonite|2
|-resisted|p2b: Basculegion|1
|-damage|p2a: Dragonite|0 fnt
|-damage|p2b: Basculegion|51/100
|faint|p2a: Dragonite
|move|p1b: Archaludon|Dragon Pulse|p2b: Basculegion
|-damage|p2b: Basculegion|0 fnt
|faint|p2b: Basculegion
|
|win|megagenger2023
|raw|megagenger2023's rating: 2011 &rarr; <strong>2025</strong><br />(+14 for winning)
|raw|Sheeshshane925's rating: 1897 &rarr; <strong>1883</strong><br />(-14 for losing)
|l|☆Sheeshshane925
|player|p2|
|l|☆megagenger2023
|player|p1|
|j|☆Sheeshshane925
|player|p2|Sheeshshane925|crasherwake|
