|j|☆bwahacough
|j|☆Fuzis
|t:|1779863197
|gametype|doubles
|player|p1|bwahacough|102|1874
|player|p2|Fuzis|karen|1933
|gen|9
|tier|[Gen 9 Champions] VGC 2026 Reg M-A
|rated|
|rule|Species Clause: Limit one of each Pokémon
|rule|Item Clause: Limit 1 of each item
|clearpoke
|poke|p1|Lycanroc, L50, F, shiny|
|poke|p1|Tyranitar, L50, F|
|poke|p1|Farigiraf, L50, F, shiny|
|poke|p1|Floette-Eternal, L50, F|
|poke|p1|Milotic, L50, F, shiny|
|poke|p1|Scizor, L50, F, shiny|
|poke|p2|Blastoise, L50, M|
|poke|p2|Sinistcha-Masterpiece, L50|
|poke|p2|Incineroar, L50, M|
|poke|p2|Vivillon-Garden, L50, F|
|poke|p2|Garchomp, L50, M|
|poke|p2|Floette-Eternal, L50, F|
|teampreview|4
|inactive|Battle timer is ON: inactive players will automatically lose when time's up. (requested by Fuzis)
bwahacough has agreed to open team sheets.
|
|t:|1779863226
|teamsize|p1|4
|teamsize|p2|4
|start
|switch|p1a: Lycanroc|Lycanroc, L50, F, shiny|100/100
|switch|p1b: Tyranitar|Tyranitar, L50, F|100/100
|switch|p2a: Vivillon|Vivillon-Garden, L50, F|100/100
|switch|p2b: Floette|Floette-Eternal, L50, F|100/100
|-weather|Sandstorm|[from] ability: Sand Stream|[of] p1b: Tyranitar
|turn|1
|inactive|Fuzis has 30 seconds left.
|
|t:|1779863252
|detailschange|p2b: Floette|Floette-Mega, L50, F
|-mega|p2b: Floette|Floette|Floettite
|-ability|p2b: Floette|Fairy Aura
|move|p1a: Lycanroc|Rock Slide|p2b: Floette|[spread] p2a,p2b
|-supereffective|p2a: Vivillon|2
|-enditem|p2a: Vivillon|Focus Sash
|-damage|p2a: Vivillon|1/100
|-damage|p2b: Floette|73/100
|move|p2a: Vivillon|Sleep Powder|p1a: Lycanroc
|-status|p1a: Lycanroc|slp|[from] move: Sleep Powder
|move|p2b: Floette|Dazzling Gleam|p1a: Lycanroc|[spread] p1a,p1b
|-supereffective|p1b: Tyranitar|1
|-damage|p1a: Lycanroc|48/100 slp
|-damage|p1b: Tyranitar|50/100g
|move|p1b: Tyranitar|Rock Slide|p2a: Vivillon|[spread] p2b
|-miss|p1b: Tyranitar|p2a: Vivillon
|-damage|p2b: Floette|42/100
|
|-weather|Sandstorm|[upkeep]
|-damage|p2a: Vivillon|0 fnt|[from] Sandstorm
|-damage|p2b: Floette|36/100|[from] Sandstorm
|faint|p2a: Vivillon
|upkeep
|
|t:|1779863269
|switch|p2a: Incineroar|Incineroar, L50, M|100/100
|-ability|p2a: Incineroar|Intimidate|boost
|-unboost|p1a: Lycanroc|atk|1
|-unboost|p1b: Tyranitar|atk|1
|turn|2
|
|t:|1779863279
|switch|p1b: Farigiraf|Farigiraf, L50, F, shiny|100/100
|switch|p2a: Sinistcha|Sinistcha-Masterpiece, L50|100/100
|-heal|p2b: Floette|61/100|[from] ability: Hospitality|[of] p2a: Sinistcha
|cant|p1a: Lycanroc|slp
|move|p2b: Floette|Dazzling Gleam|p1b: Farigiraf|[spread] p1a,p1b
|-damage|p1a: Lycanroc|0 fnt
|-damage|p1b: Farigiraf|56/100
|faint|p1a: Lycanroc
|
|-weather|Sandstorm|[upkeep]
|-damage|p2b: Floette|55/100|[from] Sandstorm
|-damage|p2a: Sinistcha|94/100|[from] Sandstorm
|-damage|p1b: Farigiraf|51/100|[from] Sandstorm
|upkeep
|
|t:|1779863281
|switch|p1a: Floette|Floette-Eternal, L50, F|100/100
|turn|3
|inactive|Fuzis has 30 seconds left.
|
|t:|1779863309
|detailschange|p1a: Floette|Floette-Mega, L50, F
|-mega|p1a: Floette|Floette|Floettite
|-ability|p1a: Floette|Fairy Aura
|move|p2a: Sinistcha|Rage Powder|p2a: Sinistcha
|-singleturn|p2a: Sinistcha|move: Rage Powder
|move|p1a: Floette|Dazzling Gleam|p2a: Sinistcha|[spread] p2a,p2b
|-damage|p2a: Sinistcha|45/100
|-damage|p2b: Floette|19/100
|-enditem|p2a: Sinistcha|Sitrus Berry|[eat]
|-heal|p2a: Sinistcha|70/100|[from] item: Sitrus Berry
|move|p2b: Floette|Calm Mind|p2b: Floette
|-boost|p2b: Floette|spa|1
|-boost|p2b: Floette|spd|1
|move|p1b: Farigiraf|Psychic|p2a: Sinistcha
|-damage|p2a: Sinistcha|39/100
|
|-weather|Sandstorm|[upkeep]
|-damage|p1a: Floette|94/100|[from] Sandstorm
|-damage|p2b: Floette|13/100|[from] Sandstorm
|-damage|p2a: Sinistcha|33/100|[from] Sandstorm
|-damage|p1b: Farigiraf|45/100|[from] Sandstorm
|-enditem|p1b: Farigiraf|Sitrus Berry|[eat]
|-heal|p1b: Farigiraf|69/100|[from] item: Sitrus Berry
|upkeep
|turn|4
|j| busterr136
|
|t:|1779863333
|switch|p2a: Incineroar|Incineroar, L50, M|100/100
|-ability|p2a: Incineroar|Intimidate|boost
|-unboost|p1a: Floette|atk|1
|-unboost|p1b: Farigiraf|atk|1
|move|p2b: Floette|Protect|p2b: Floette
|-singleturn|p2b: Floette|Protect
|move|p1a: Floette|Dazzling Gleam|p2b: Floette|[spread] p2a
|-activate|p2b: Floette|move: Protect
|-damage|p2a: Incineroar|62/100
|move|p1b: Farigiraf|Imprison|p1b: Farigiraf
|-start|p1b: Farigiraf|move: Imprison
|
|-weather|Sandstorm|[upkeep]
|-damage|p1a: Floette|88/100|[from] Sandstorm
|-damage|p2b: Floette|8/100|[from] Sandstorm
|-damage|p1b: Farigiraf|64/100|[from] Sandstorm
|-damage|p2a: Incineroar|56/100|[from] Sandstorm
|-heal|p2a: Incineroar|62/100|[from] item: Leftovers
|upkeep
|turn|5
|
|t:|1779863357
|switch|p2a: Sinistcha|Sinistcha-Masterpiece, L50|33/100
|-heal|p2b: Floette|32/100|[from] ability: Hospitality|[of] p2a: Sinistcha
|move|p1b: Farigiraf|Protect|p1b: Farigiraf
|-singleturn|p1b: Farigiraf|Protect
|move|p1a: Floette|Moonblast|p2b: Floette
|-damage|p2b: Floette|0 fnt
|faint|p2b: Floette
|
|-weather|none
|upkeep
|-message|Fuzis forfeited.
|
|win|bwahacough
|raw|bwahacough's rating: 1854 &rarr; <strong>1878</strong><br />(+24 for winning)
|raw|Fuzis's rating: 1933 &rarr; <strong>1909</strong><br />(-24 for losing)
|l|☆bwahacough
|player|p1|
|l|☆Fuzis
|player|p2|
