|j|☆Murphy's kitchen
|j|☆klanes1209
|t:|1780059437
|gametype|doubles
|player|p1|Murphy's kitchen|266|1916
|player|p2|klanes1209|1|1973
|gen|9
|tier|[Gen 9 Champions] VGC 2026 Reg M-A
|rated|
|rule|Species Clause: Limit one of each Pokémon
|rule|Item Clause: Limit 1 of each item
|clearpoke
|poke|p1|Excadrill, L50, M|
|poke|p1|Hydreigon, L50, M|
|poke|p1|Rotom-Wash, L50|
|poke|p1|Scovillain, L50, F|
|poke|p1|Sneasler, L50, F|
|poke|p1|Tyranitar, L50, M|
|poke|p2|Blastoise, L50, M|
|poke|p2|Garchomp, L50, F|
|poke|p2|Vivillon-Pokeball, L50, F|
|poke|p2|Sinistcha-Masterpiece, L50|
|poke|p2|Sneasler, L50, M|
|poke|p2|Pelipper, L50, F|
|teampreview|4
|
|t:|1780059467
|teamsize|p1|4
|teamsize|p2|4
|start
|switch|p1a: Excadrill|Excadrill, L50, M|100/100
|switch|p1b: Tyranitar|Tyranitar, L50, M|100/100
|switch|p2a: Blastoise|Blastoise, L50, M|100/100
|switch|p2b: Sneasler|Sneasler, L50, M|100/100
|-weather|Sandstorm|[from] ability: Sand Stream|[of] p1b: Tyranitar
|turn|1
|
|t:|1780059484
|detailschange|p2a: Blastoise|Blastoise-Mega, L50, M
|-mega|p2a: Blastoise|Blastoise|Blastoisinite
|detailschange|p1b: Tyranitar|Tyranitar-Mega, L50, M
|-mega|p1b: Tyranitar|Tyranitar|Tyranitarite
|move|p1a: Excadrill|Protect|p1a: Excadrill
|-singleturn|p1a: Excadrill|Protect
|move|p2b: Sneasler|Fake Out|p1a: Excadrill
|-activate|p1a: Excadrill|move: Protect
|move|p1b: Tyranitar|Rock Slide|p2a: Blastoise|[spread] p2a,p2b
|-resisted|p2b: Sneasler|1
|-damage|p2a: Blastoise|65/100
|-damage|p2b: Sneasler|69/100
|move|p2a: Blastoise|Shell Smash|p2a: Blastoise
|-unboost|p2a: Blastoise|def|1
|-unboost|p2a: Blastoise|spd|1
|-boost|p2a: Blastoise|atk|2
|-boost|p2a: Blastoise|spa|2
|-boost|p2a: Blastoise|spe|2
|
|-weather|Sandstorm|[upkeep]
|-damage|p2a: Blastoise|59/100|[from] Sandstorm
|-damage|p2b: Sneasler|63/100|[from] Sandstorm
|upkeep
|turn|2
|
|t:|1780059523
|switch|p1b: Rotom|Rotom-Wash, L50|100/100
|move|p2a: Blastoise|Protect|p2a: Blastoise
|-singleturn|p2a: Blastoise|Protect
|move|p2b: Sneasler|Feint|p1a: Excadrill
|-resisted|p1a: Excadrill|1
|-damage|p1a: Excadrill|93/100
|move|p1a: Excadrill|Earthquake|p2a: Blastoise|[spread] p2b
|-activate|p2a: Blastoise|move: Protect
|-immune|p1b: Rotom|[from] ability: Levitate
|-supereffective|p2b: Sneasler|1
|-damage|p2b: Sneasler|0 fnt
|faint|p2b: Sneasler
|
|-weather|Sandstorm|[upkeep]
|-damage|p2a: Blastoise|53/100|[from] Sandstorm
|-damage|p1b: Rotom|94/100|[from] Sandstorm
|upkeep
|j| Claarity
|
|t:|1780059541
|switch|p2b: Sinistcha|Sinistcha-Masterpiece, L50|100/100
|-heal|p2a: Blastoise|77/100|[from] ability: Hospitality|[of] p2b: Sinistcha
|turn|3
|
|t:|1780059557
|switch|p2b: Pelipper|Pelipper, L50, F|100/100
|-weather|RainDance|[from] ability: Drizzle|[of] p2b: Pelipper
|move|p2a: Blastoise|Water Spout|p1b: Rotom|[spread] p1a,p1b
|-supereffective|p1a: Excadrill|1
|-resisted|p1b: Rotom|1
|-damage|p1a: Excadrill|0 fnt
|-damage|p1b: Rotom|0 fnt
|faint|p1a: Excadrill
|faint|p1b: Rotom
|
|-weather|RainDance|[upkeep]
|upkeep
|
|t:|1780059569
|switch|p1a: Tyranitar|Tyranitar-Mega, L50, M|100/100
|switch|p1b: Hydreigon|Hydreigon, L50, M|100/100
|-weather|Sandstorm|[from] ability: Sand Stream|[of] p1a: Tyranitar
|turn|4
|
|t:|1780059589
|move|p2a: Blastoise|Protect|p2a: Blastoise
|-singleturn|p2a: Blastoise|Protect
|move|p1b: Hydreigon|Snarl|p2a: Blastoise|[spread] p2b
|-activate|p2a: Blastoise|move: Protect
|-damage|p2b: Pelipper|64/100
|-unboost|p2b: Pelipper|spa|1
|move|p2b: Pelipper|Rain Dance|p2b: Pelipper
|-weather|RainDance
|move|p1a: Tyranitar|Rock Slide|p2a: Blastoise|[spread] 
|-activate|p2a: Blastoise|move: Protect
|-miss|p1a: Tyranitar|p2b: Pelipper
|
|-weather|RainDance|[upkeep]
|upkeep
|turn|5
|
|t:|1780059606
|switch|p2b: Sinistcha|Sinistcha-Masterpiece, L50|100/100
|-heal|p2a: Blastoise|100/100|[from] ability: Hospitality|[of] p2b: Sinistcha
|move|p1a: Tyranitar|Protect|p1a: Tyranitar
|-singleturn|p1a: Tyranitar|Protect
|move|p2a: Blastoise|Water Spout|p1a: Tyranitar|[spread] p1b
|-activate|p1a: Tyranitar|move: Protect
|-resisted|p1b: Hydreigon|1
|-damage|p1b: Hydreigon|0 fnt
|faint|p1b: Hydreigon
|
|-weather|RainDance|[upkeep]
|upkeep
|turn|6
|-message|Murphy's kitchen forfeited.
|
|win|klanes1209
|raw|Murphy&apos;s kitchen's rating: 1916 &rarr; <strong>1899</strong><br />(-17 for losing)
|raw|klanes1209's rating: 1973 &rarr; <strong>1990</strong><br />(+17 for winning)
|l|☆Murphy's kitchen
|player|p1|
|l|☆klanes1209
|player|p2|
