|j|☆bwahacough
|j|☆Fuzis
|t:|1778300017
|gametype|doubles
|player|p1|bwahacough|102|1820
|player|p2|Fuzis|karen|1813
|gen|9
|tier|[Gen 9 Champions] VGC 2026 Reg M-A
|rated|
|rule|Species Clause: Limit one of each Pokémon
|rule|Item Clause: Limit 1 of each item
|clearpoke
|poke|p1|Lycanroc, L50, M, shiny|
|poke|p1|Tyranitar, L50, F|
|poke|p1|Farigiraf, L50, F, shiny|
|poke|p1|Floette-Eternal, L50, F|
|poke|p1|Milotic, L50, F, shiny|
|poke|p1|Kingambit, L50, M, shiny|
|poke|p2|Blastoise, L50, M|
|poke|p2|Gengar, L50, F|
|poke|p2|Sylveon, L50, F|
|poke|p2|Talonflame, L50, M|
|poke|p2|Kingambit, L50, M|
|poke|p2|Politoed, L50, M|
|teampreview|4
|inactive|Battle timer is ON: inactive players will automatically lose when time's up. (requested by Fuzis)
|
|t:|1778300048
|teamsize|p1|4
|teamsize|p2|4
|start
|switch|p1a: Lycanroc|Lycanroc, L50, M, shiny|100/100
|switch|p1b: Tyranitar|Tyranitar, L50, F|100/100
|switch|p2a: Blastoise|Blastoise, L50, M|100/100
|switch|p2b: Gengar|Gengar, L50, F|100/100
|-weather|Sandstorm|[from] ability: Sand Stream|[of] p1b: Tyranitar
|turn|1
|
|t:|1778300071
|detailschange|p2a: Blastoise|Blastoise-Mega, L50, M
|-mega|p2a: Blastoise|Blastoise|Blastoisinite
|move|p2a: Blastoise|Fake Out|p1a: Lycanroc
|-resisted|p1a: Lycanroc|1
|-damage|p1a: Lycanroc|93/100
|cant|p1a: Lycanroc|flinch
|move|p1b: Tyranitar|Knock Off|p2a: Blastoise
|-damage|p2a: Blastoise|69/100
|move|p2b: Gengar|Trick Room|p2b: Gengar
|-fieldstart|move: Trick Room|[of] p2b: Gengar
|
|-weather|Sandstorm|[upkeep]
|-damage|p2a: Blastoise|63/100|[from] Sandstorm
|-damage|p2b: Gengar|94/100|[from] Sandstorm
|upkeep
|turn|2
|j| gravedigger3000
|inactive|Fuzis has 30 seconds left.
|
|t:|1778300100
|switch|p2b: Politoed|Politoed, L50, M|100/100
|-weather|RainDance|[from] ability: Drizzle|[of] p2b: Politoed
|move|p1b: Tyranitar|Protect|p1b: Tyranitar
|-singleturn|p1b: Tyranitar|Protect
|move|p1a: Lycanroc|Protect|p1a: Lycanroc
|-singleturn|p1a: Lycanroc|Protect
|move|p2a: Blastoise|Water Spout|p1b: Tyranitar|[spread] 
|-activate|p1a: Lycanroc|move: Protect
|-activate|p1b: Tyranitar|move: Protect
|
|-weather|RainDance|[upkeep]
|upkeep
|turn|3
|
|t:|1778300112
|switch|p1a: Farigiraf|Farigiraf, L50, F, shiny|100/100
|move|p1b: Tyranitar|Rock Slide|p2a: Blastoise|[spread] p2b
|-miss|p1b: Tyranitar|p2a: Blastoise
|-damage|p2b: Politoed|68/100
|cant|p2b: Politoed|flinch
|move|p2a: Blastoise|Water Spout|p1a: Farigiraf|[spread] p1a,p1b
|-supereffective|p1b: Tyranitar|1
|-damage|p1a: Farigiraf|35/100
|-damage|p1b: Tyranitar|6/100
|-enditem|p1a: Farigiraf|Sitrus Berry|[eat]
|-heal|p1a: Farigiraf|60/100|[from] item: Sitrus Berry
|
|-weather|RainDance|[upkeep]
|upkeep
|turn|4
|
|t:|1778300130
|move|p1a: Farigiraf|Protect|p1a: Farigiraf
|-singleturn|p1a: Farigiraf|Protect
|move|p1b: Tyranitar|Protect|p1b: Tyranitar
|-singleturn|p1b: Tyranitar|Protect
|move|p2b: Politoed|Weather Ball|p1b: Tyranitar
|-activate|p1b: Tyranitar|move: Protect
|move|p2a: Blastoise|Dark Pulse|p1a: Farigiraf
|-activate|p1a: Farigiraf|move: Protect
|
|-weather|RainDance|[upkeep]
|upkeep
|turn|5
|
|t:|1778300140
|switch|p1b: Floette|Floette-Eternal, L50, F|100/100
|move|p1a: Farigiraf|Hyper Voice|p2b: Politoed|[spread] p2a,p2b
|-damage|p2a: Blastoise|42/100
|-damage|p2b: Politoed|45/100
|-enditem|p2b: Politoed|Sitrus Berry|[eat]
|-heal|p2b: Politoed|70/100|[from] item: Sitrus Berry
|move|p2b: Politoed|Weather Ball|p1a: Farigiraf
|-damage|p1a: Farigiraf|5/100
|move|p2a: Blastoise|Water Spout|p1a: Farigiraf|[spread] p1a,p1b
|-damage|p1a: Farigiraf|0 fnt
|-damage|p1b: Floette|60/100
|faint|p1a: Farigiraf
|
|-weather|RainDance|[upkeep]
|-fieldend|move: Trick Room
|upkeep
|
|t:|1778300147
|switch|p1a: Lycanroc|Lycanroc, L50, M, shiny|93/100
|turn|6
|
|t:|1778300163
|detailschange|p1b: Floette|Floette-Mega, L50, F
|-mega|p1b: Floette|Floette|Floettite
|-ability|p1b: Floette|Fairy Aura
|move|p1b: Floette|Dazzling Gleam|p2b: Politoed|[spread] p2a,p2b
|-damage|p2a: Blastoise|0 fnt
|-damage|p2b: Politoed|31/100
|faint|p2a: Blastoise
|move|p1a: Lycanroc|Rock Slide|p2b: Politoed
|-damage|p2b: Politoed|0 fnt
|faint|p2b: Politoed
|
|-weather|none
|upkeep
|
|t:|1778300173
|switch|p2a: Gengar|Gengar, L50, F|94/100
|switch|p2b: Kingambit|Kingambit, L50, M|100/100
|-activate|p2b: Kingambit|ability: Supreme Overlord
|-start|p2b: Kingambit|fallen2|[silent]
|turn|7
|
|t:|1778300187
|switch|p1b: Tyranitar|Tyranitar, L50, F|6/100
|-weather|Sandstorm|[from] ability: Sand Stream|[of] p1b: Tyranitar
|move|p1a: Lycanroc|Psychic Fangs|p2a: Gengar
|-supereffective|p2a: Gengar|1
|-damage|p2a: Gengar|0 fnt
|faint|p2a: Gengar
|move|p2b: Kingambit|Iron Head|p1b: Tyranitar
|-supereffective|p1b: Tyranitar|1
|-damage|p1b: Tyranitar|0 fnt
|faint|p1b: Tyranitar
|
|-weather|Sandstorm|[upkeep]
|upkeep
|
|t:|1778300190
|switch|p1b: Floette|Floette-Mega, L50, F|60/100
|-ability|p1b: Floette|Fairy Aura
|turn|8
|j| yh54s45
|
|t:|1778300205
|move|p1a: Lycanroc|Close Combat|p2b: Kingambit
|-supereffective|p2b: Kingambit|2
|-enditem|p2b: Kingambit|Chople Berry|[eat]
|-enditem|p2b: Kingambit|Chople Berry|[weaken]
|-damage|p2b: Kingambit|32/100
|-unboost|p1a: Lycanroc|def|1
|-unboost|p1a: Lycanroc|spd|1
|move|p1b: Floette|Moonblast|p2b: Kingambit
|-damage|p2b: Kingambit|0 fnt
|faint|p2b: Kingambit
|-end|p2b: Kingambit|fallen2|[silent]
|
|win|bwahacough
|raw|bwahacough's rating: 1840 &rarr; <strong>1858</strong><br />(+18 for winning)
|raw|Fuzis's rating: 1813 &rarr; <strong>1795</strong><br />(-18 for losing)
