|j|☆amekusa
|j|☆sqdhgs
|t:|1777110783
|gametype|doubles
|player|p1|amekusa|265|1624
|player|p2|sqdhgs|266|1686
|gen|9
|tier|[Gen 9 Champions] VGC 2026 Reg M-A
|rated|
|rule|Species Clause: Limit one of each Pokémon
|rule|Item Clause: Limit 1 of each item
|clearpoke
|poke|p1|Scovillain, L50, F|
|poke|p1|Pelipper, L50, F|
|poke|p1|Basculegion, L50, M|
|poke|p1|Kingambit, L50, F|
|poke|p1|Aerodactyl, L50, M|
|poke|p1|Archaludon, L50, F|
|poke|p2|Espathra, L50, F|
|poke|p2|Sableye, L50, F|
|poke|p2|Floette-Eternal, L50, F|
|poke|p2|Sinistcha, L50|
|poke|p2|Charizard, L50, M|
|poke|p2|Sneasler, L50, M|
|teampreview|4
|inactive|Battle timer is ON: inactive players will automatically lose when time's up. (requested by sqdhgs)
|j| pokemonyoyoplayer
|
|t:|1777110813
|teamsize|p1|4
|teamsize|p2|4
|start
|switch|p1a: Scovillain|Scovillain, L50, F|100/100
|switch|p1b: Archaludon|Archaludon, L50, F|100/100
|switch|p2a: Sableye|Sableye, L50, F|100/100
|switch|p2b: Espathra|Espathra, L50, F|100/100
|turn|1
|
|t:|1777110837
|switch|p1a: Pelipper|Pelipper, L50, F|100/100
|-weather|RainDance|[from] ability: Drizzle|[of] p1a: Pelipper
|move|p2a: Sableye|Fake Out|p1b: Archaludon
|-resisted|p1b: Archaludon|1
|-damage|p1b: Archaludon|98/100
|cant|p1b: Archaludon|flinch
|move|p2b: Espathra|Calm Mind|p2b: Espathra
|-boost|p2b: Espathra|spa|1
|-boost|p2b: Espathra|spd|1
|
|-weather|RainDance|[upkeep]
|-ability|p2b: Espathra|Speed Boost|boost
|-boost|p2b: Espathra|spe|1
|upkeep
|turn|2
|inactive|amekusa has 30 seconds left.
|inactive|sqdhgs has 30 seconds left.
|
|t:|1777110864
|move|p2a: Sableye|Reflect|p2a: Sableye
|-sidestart|p2: sqdhgs|Reflect
|move|p2b: Espathra|Calm Mind|p2b: Espathra
|-boost|p2b: Espathra|spa|1
|-boost|p2b: Espathra|spd|1
|move|p1b: Archaludon|Snarl|p2b: Espathra|[spread] p2a,p2b
|-supereffective|p2b: Espathra|1
|-damage|p2a: Sableye|83/100
|-damage|p2b: Espathra|81/100
|-unboost|p2a: Sableye|spa|1
|-unboost|p2b: Espathra|spa|1
|move|p1a: Pelipper|Hurricane|p2a: Sableye
|-damage|p2a: Sableye|41/100
|
|-weather|RainDance|[upkeep]
|-ability|p2b: Espathra|Speed Boost|boost
|-boost|p2b: Espathra|spe|1
|upkeep
|turn|3
|
|t:|1777110881
|move|p2a: Sableye|Disable|p1b: Archaludon
|-start|p1b: Archaludon|Disable|Snarl
|move|p2b: Espathra|Calm Mind|p2b: Espathra
|-boost|p2b: Espathra|spa|1
|-boost|p2b: Espathra|spd|1
|cant|p1b: Archaludon|Disable|Snarl
|move|p1a: Pelipper|Hurricane|p2b: Espathra
|-damage|p2b: Espathra|63/100
|
|-weather|RainDance|[upkeep]
|-ability|p2b: Espathra|Speed Boost|boost
|-boost|p2b: Espathra|spe|1
|upkeep
|turn|4
|
|t:|1777110897
|switch|p1b: Scovillain|Scovillain, L50, F|100/100
|move|p2a: Sableye|Encore||[still]
|-fail|p2a: Sableye
|move|p2b: Espathra|Baton Pass|p2b: Espathra
|
|t:|1777110904
|switch|p2b: Floette|Floette-Eternal, L50, F|100/100|[from] Baton Pass
|move|p1a: Pelipper|Weather Ball|p2b: Floette
|-damage|p2b: Floette|84/100
|
|-weather|RainDance|[upkeep]
|upkeep
|turn|5
|
|t:|1777110922
|detailschange|p2b: Floette|Floette-Mega, L50, F
|-mega|p2b: Floette|Floette|Floettite
|-ability|p2b: Floette|Fairy Aura
|detailschange|p1b: Scovillain|Scovillain-Mega, L50, F
|-mega|p1b: Scovillain|Scovillain|Scovillainite
|move|p1a: Pelipper|Wide Guard|p1a: Pelipper
|-singleturn|p1a: Pelipper|Wide Guard
|move|p2a: Sableye|Disable|p1a: Pelipper
|-start|p1a: Pelipper|Disable|Wide Guard
|move|p2b: Floette|Dazzling Gleam|p1b: Scovillain|[spread] 
|-activate|p1a: Pelipper|move: Wide Guard
|-activate|p1b: Scovillain|move: Wide Guard
|move|p1b: Scovillain|Leech Seed|p2b: Floette
|-start|p2b: Floette|move: Leech Seed
|
|-weather|none
|-damage|p2b: Floette|72/100|[from] Leech Seed|[of] p1b: Scovillain
|upkeep
|turn|6
|inactive|amekusa has 30 seconds left.
|inactive|amekusa has 20 seconds left.
|
|t:|1777110961
|move|p2a: Sableye|Encore|p1b: Scovillain
|-start|p1b: Scovillain|Encore
|move|p2b: Floette|Dazzling Gleam|p1b: Scovillain|[spread] p1a,p1b
|-resisted|p1b: Scovillain|1
|-damage|p1a: Pelipper|0 fnt
|-damage|p1b: Scovillain|57/100
|-status|p2b: Floette|brn|[from] ability: Spicy Spray|[of] p1b: Scovillain
|faint|p1a: Pelipper
|move|p1b: Scovillain|Leech Seed||[still]
|-fail|p1b: Scovillain
|
|-damage|p2b: Floette|59/100 brn|[from] Leech Seed|[of] p1b: Scovillain
|-heal|p1b: Scovillain|69/100|[silent]
|-damage|p2b: Floette|53/100 brn|[from] brn
|-sideend|p2: sqdhgs|Reflect
|upkeep
|
|t:|1777110975
|switch|p1a: Archaludon|Archaludon, L50, F|98/100
|turn|7
|
|t:|1777110988
|switch|p2a: Sinistcha|Sinistcha, L50|100/100
|-heal|p2b: Floette|78/100 brn|[from] ability: Hospitality|[of] p2a: Sinistcha
|move|p2b: Floette|Moonblast|p1a: Archaludon
|-damage|p1a: Archaludon|0 fnt
|faint|p1a: Archaludon
|move|p1b: Scovillain|Leech Seed|p2a: Sinistcha
|-immune|p2a: Sinistcha
|
|-damage|p2b: Floette|66/100 brn|[from] Leech Seed|[of] p1b: Scovillain
|-heal|p1b: Scovillain|81/100|[silent]
|-damage|p2b: Floette|60/100 brn|[from] brn
|upkeep
|
|t:|1777110996
|switch|p1a: Basculegion|Basculegion, L50, M|100/100
|turn|8
|
|t:|1777111007
|move|p1a: Basculegion|Protect|p1a: Basculegion
|-singleturn|p1a: Basculegion|Protect
|move|p2a: Sinistcha|Rage Powder|p2a: Sinistcha
|-singleturn|p2a: Sinistcha|move: Rage Powder
|move|p2b: Floette|Moonblast|p1a: Basculegion
|-activate|p1a: Basculegion|move: Protect
|move|p1b: Scovillain|Leech Seed||[still]
|-fail|p1b: Scovillain
|
|-damage|p2b: Floette|47/100 brn|[from] Leech Seed|[of] p1b: Scovillain
|-heal|p1b: Scovillain|94/100|[silent]
|-damage|p2b: Floette|41/100 brn|[from] brn
|-end|p1b: Scovillain|Encore
|upkeep
|turn|9
|
|t:|1777111020
|move|p2a: Sinistcha|Rage Powder|p2a: Sinistcha
|-singleturn|p2a: Sinistcha|move: Rage Powder
|move|p2b: Floette|Moonblast|p1a: Basculegion
|-enditem|p1a: Basculegion|Focus Sash
|-damage|p1a: Basculegion|1/100
|-unboost|p1a: Basculegion|spa|1
|move|p1a: Basculegion|Last Respects|p2a: Sinistcha
|-supereffective|p2a: Sinistcha|1
|-damage|p2a: Sinistcha|0 fnt
|faint|p2a: Sinistcha
|move|p1b: Scovillain|Overheat|p2b: Floette
|-damage|p2b: Floette|22/100 brn
|-unboost|p1b: Scovillain|spa|2
|
|-damage|p2b: Floette|9/100 brn|[from] Leech Seed|[of] p1b: Scovillain
|-heal|p1b: Scovillain|100/100|[silent]
|-damage|p2b: Floette|3/100 brn|[from] brn
|upkeep
|
|t:|1777111034
|switch|p2a: Sableye|Sableye, L50, F|41/100
|turn|10
|
|t:|1777111044
|move|p1a: Basculegion|Aqua Jet|p2b: Floette
|-damage|p2b: Floette|0 fnt
|faint|p2b: Floette
|move|p2a: Sableye|Encore|p1b: Scovillain
|-start|p1b: Scovillain|Encore
|move|p1b: Scovillain|Overheat|p2a: Sableye
|-damage|p2a: Sableye|6/100
|-unboost|p1b: Scovillain|spa|2
|
|upkeep
|
|t:|1777111046
|switch|p2b: Espathra|Espathra, L50, F|63/100
|turn|11
|inactive|amekusa has 30 seconds left.
|
|t:|1777111081
|move|p1a: Basculegion|Protect|p1a: Basculegion
|-singleturn|p1a: Basculegion|Protect
|move|p2a: Sableye|Disable|p1b: Scovillain
|-start|p1b: Scovillain|Disable|Overheat
|move|p2b: Espathra|Lumina Crash|p1a: Basculegion
|-activate|p1a: Basculegion|move: Protect
|cant|p1b: Scovillain|Disable|Overheat
|
|-ability|p2b: Espathra|Speed Boost|boost
|-boost|p2b: Espathra|spe|1
|upkeep
|turn|12
|j| 18787test
|
|t:|1777111095
|move|p1a: Basculegion|Aqua Jet|p2b: Espathra
|-damage|p2b: Espathra|40/100
|-enditem|p2b: Espathra|Sitrus Berry|[eat]
|-heal|p2b: Espathra|65/100|[from] item: Sitrus Berry
|move|p2a: Sableye|Encore|p1a: Basculegion
|-start|p1a: Basculegion|Encore
|move|p2b: Espathra|Lumina Crash|p1a: Basculegion
|-damage|p1a: Basculegion|0 fnt
|faint|p1a: Basculegion
|-activate|p1b: Scovillain|move: Struggle
|move|p1b: Scovillain|Struggle|p2b: Espathra
|-damage|p2b: Espathra|50/100
|-damage|p1b: Scovillain|75/100|[from] recoil
|
|-end|p1b: Scovillain|Encore
|-ability|p2b: Espathra|Speed Boost|boost
|-boost|p2b: Espathra|spe|1
|upkeep
|turn|13
|
|t:|1777111114
|move|p2a: Sableye|Encore||[still]
|-fail|p2a: Sableye
|move|p2b: Espathra|Lumina Crash|p1b: Scovillain
|-damage|p1b: Scovillain|50/100
|-unboost|p1b: Scovillain|spd|2
|-status|p2b: Espathra|brn|[from] ability: Spicy Spray|[of] p1b: Scovillain
|move|p1b: Scovillain|Leech Seed|p2b: Espathra
|-start|p2b: Espathra|move: Leech Seed
|
|-damage|p2b: Espathra|37/100 brn|[from] Leech Seed|[of] p1b: Scovillain
|-heal|p1b: Scovillain|65/100|[silent]
|-damage|p2b: Espathra|31/100 brn|[from] brn
|-ability|p2b: Espathra|Speed Boost|boost
|-boost|p2b: Espathra|spe|1
|upkeep
|turn|14
|
|t:|1777111134
|move|p1b: Scovillain|Protect|p1b: Scovillain
|-singleturn|p1b: Scovillain|Protect
|move|p2a: Sableye|Encore|p1b: Scovillain
|-activate|p1b: Scovillain|move: Protect
|move|p2b: Espathra|Calm Mind|p2b: Espathra
|-boost|p2b: Espathra|spa|1
|-boost|p2b: Espathra|spd|1
|
|-damage|p2b: Espathra|19/100 brn|[from] Leech Seed|[of] p1b: Scovillain
|-heal|p1b: Scovillain|80/100|[silent]
|-damage|p2b: Espathra|13/100 brn|[from] brn
|-end|p1b: Scovillain|Disable
|-ability|p2b: Espathra|Speed Boost|boost
|-boost|p2b: Espathra|spe|1
|upkeep
|turn|15
|
|t:|1777111145
|move|p2a: Sableye|Encore|p1b: Scovillain
|-start|p1b: Scovillain|Encore
|move|p1b: Scovillain|Protect|p1b: Scovillain
|-singleturn|p1b: Scovillain|Protect
|move|p2b: Espathra|Lumina Crash|p1b: Scovillain
|-activate|p1b: Scovillain|move: Protect
|
|-damage|p2b: Espathra|0 fnt|[from] Leech Seed|[of] p1b: Scovillain
|-heal|p1b: Scovillain|94/100|[silent]
|faint|p2b: Espathra
|upkeep
|turn|16
|
|t:|1777111153
|move|p1b: Scovillain|Protect||[still]
|-fail|p1b: Scovillain
|move|p2a: Sableye|Disable|p1b: Scovillain
|-start|p1b: Scovillain|Disable|Protect
|
|upkeep
|turn|17
|
|t:|1777111159
|move|p2a: Sableye|Reflect|p2a: Sableye
|-sidestart|p2: sqdhgs|Reflect
|-activate|p1b: Scovillain|move: Struggle
|move|p1b: Scovillain|Struggle|p2a: Sableye
|-damage|p2a: Sableye|0 fnt
|faint|p2a: Sableye
|-damage|p1b: Scovillain|69/100|[from] recoil
|
|win|amekusa
|raw|amekusa's rating: 1624 &rarr; <strong>1648</strong><br />(+24 for winning)
|raw|sqdhgs's rating: 1686 &rarr; <strong>1662</strong><br />(-24 for losing)
|l|☆sqdhgs
|player|p2|
|l|☆amekusa
|player|p1|
