|j|☆Sheeshshane925
|j|☆toucansoup
|t:|1780086637
|gametype|doubles
|player|p1|Sheeshshane925|crasherwake|1995
|player|p2|toucansoup|2|1978
|gen|9
|tier|[Gen 9 Champions] VGC 2026 Reg M-A
|rated|
|rule|Species Clause: Limit one of each Pokémon
|rule|Item Clause: Limit 1 of each item
|clearpoke
|poke|p1|Scizor, L50, F|
|poke|p1|Dragonite, L50, F|
|poke|p1|Archaludon, L50, F|
|poke|p1|Pelipper, L50, M|
|poke|p1|Basculegion, L50, M|
|poke|p1|Sneasler, L50, F|
|poke|p2|Scizor, L50, F|
|poke|p2|Kleavor, L50, F|
|poke|p2|Blastoise, L50, M|
|poke|p2|Farigiraf, L50, M|
|poke|p2|Whimsicott, L50, F|
|poke|p2|Delphox, L50, F|
|teampreview|4
|
|t:|1780086686
|teamsize|p1|4
|teamsize|p2|4
|start
|switch|p1a: Dragonite|Dragonite, L50, F|100/100
|switch|p1b: Sneasler|Sneasler, L50, F|100/100
|switch|p2a: Blastoise|Blastoise, L50, M|100/100
|switch|p2b: Kleavor|Kleavor, L50, F|100/100
|turn|1
|
|t:|1780086700
|switch|p2b: Whimsicott|Whimsicott, L50, F|100/100
|detailschange|p1a: Dragonite|Dragonite-Mega, L50, F
|-mega|p1a: Dragonite|Dragonite|Dragoninite
|detailschange|p2a: Blastoise|Blastoise-Mega, L50, M
|-mega|p2a: Blastoise|Blastoise|Blastoisinite
|move|p1b: Sneasler|Fake Out|p2b: Whimsicott
|-damage|p2b: Whimsicott|77/100
|move|p1a: Dragonite|Dragon Pulse|p2a: Blastoise
|-damage|p2a: Blastoise|59/100
|move|p2a: Blastoise|Ice Beam|p1a: Dragonite
|-supereffective|p1a: Dragonite|2
|-damage|p1a: Dragonite|40/100
|
|upkeep
|turn|2
|j| DontEatMyLarvae
|
|t:|1780086715
|switch|p1b: Basculegion|Basculegion, L50, M|100/100
|switch|p1a: Archaludon|Archaludon, L50, F|100/100
|move|p2b: Whimsicott|Moonblast|p1a: Archaludon
|-damage|p1a: Archaludon|62/100
|-ability|p1a: Archaludon|Stamina|boost
|-boost|p1a: Archaludon|def|1
|move|p2a: Blastoise|Water Spout|p1b: Basculegion|[spread] p1a,p1b
|-resisted|p1a: Archaludon|1
|-resisted|p1b: Basculegion|1
|-damage|p1a: Archaludon|43/100
|-damage|p1b: Basculegion|77/100
|-ability|p1a: Archaludon|Stamina|boost
|-boost|p1a: Archaludon|def|1
|
|-heal|p1a: Archaludon|49/100|[from] item: Leftovers
|upkeep
|turn|3
|
|t:|1780086731
|move|p2b: Whimsicott|Tailwind|p2b: Whimsicott
|-sidestart|p2: toucansoup|move: Tailwind
|move|p1b: Basculegion|Flip Turn|p2a: Blastoise
|-resisted|p2a: Blastoise|1
|-damage|p2a: Blastoise|43/100
|
|t:|1780086741
|switch|p1b: Dragonite|Dragonite-Mega, L50, F|40/100|[from] Flip Turn
|move|p2a: Blastoise|Dark Pulse|p1b: Dragonite
|-damage|p1b: Dragonite|0 fnt
|faint|p1b: Dragonite
|move|p1a: Archaludon|Dragon Pulse|p2a: Blastoise
|-damage|p2a: Blastoise|8/100
|
|-heal|p1a: Archaludon|55/100|[from] item: Leftovers
|upkeep
|
|t:|1780086751
|switch|p1b: Basculegion|Basculegion, L50, M|77/100
|turn|4
|
|t:|1780086759
|move|p2b: Whimsicott|Encore|p1a: Archaludon
|-start|p1a: Archaludon|Encore
|move|p1b: Basculegion|Aqua Jet|p2a: Blastoise
|-resisted|p2a: Blastoise|1
|-damage|p2a: Blastoise|0 fnt
|faint|p2a: Blastoise
|move|p1a: Archaludon|Dragon Pulse|p2b: Whimsicott
|-immune|p2b: Whimsicott
|
|-heal|p1a: Archaludon|61/100|[from] item: Leftovers
|upkeep
|
|t:|1780086764
|switch|p2a: Kleavor|Kleavor, L50, F|100/100
|turn|5
|inactive|Battle timer is ON: inactive players will automatically lose when time's up. (requested by Sheeshshane925)
|
|t:|1780086804
|move|p1b: Basculegion|Aqua Jet|p2a: Kleavor
|-supereffective|p2a: Kleavor|1
|-damage|p2a: Kleavor|39/100
|move|p2b: Whimsicott|Moonblast|p1b: Basculegion
|-damage|p1b: Basculegion|29/100
|move|p2a: Kleavor|Stone Axe|p1b: Basculegion|[miss]
|-miss|p2a: Kleavor|p1b: Basculegion
|move|p1a: Archaludon|Dragon Pulse|p2a: Kleavor
|-damage|p2a: Kleavor|0 fnt
|faint|p2a: Kleavor
|
|-heal|p1a: Archaludon|68/100|[from] item: Leftovers
|upkeep
|j| rtertertertertert
|
|t:|1780086809
|switch|p2a: Delphox|Delphox, L50, F|100/100
|turn|6
|inactive|Sheeshshane925 has 30 seconds left.
|
|t:|1780086834
|move|p1b: Basculegion|Aqua Jet|p2a: Delphox
|-supereffective|p2a: Delphox|1
|-damage|p2a: Delphox|29/100
|move|p2b: Whimsicott|Moonblast|p1b: Basculegion
|-damage|p1b: Basculegion|0 fnt
|faint|p1b: Basculegion
|move|p2a: Delphox|Scorching Sands|p1a: Archaludon
|-supereffective|p1a: Archaludon|1
|-damage|p1a: Archaludon|25/100
|-status|p1a: Archaludon|brn
|-ability|p1a: Archaludon|Stamina|boost
|-boost|p1a: Archaludon|def|1
|move|p1a: Archaludon|Dragon Pulse|p2a: Delphox
|-damage|p2a: Delphox|0 fnt
|faint|p2a: Delphox
|
|-heal|p1a: Archaludon|31/100 brn|[from] item: Leftovers
|-damage|p1a: Archaludon|25/100 brn|[from] brn
|-end|p1a: Archaludon|Encore
|-sideend|p2: toucansoup|move: Tailwind
|upkeep
|
|t:|1780086839
|switch|p1b: Sneasler|Sneasler, L50, F|100/100
|turn|7
|c|☆Sheeshshane925|Finally lol gg
|c|☆toucansoup|gg!
|inactive|Sheeshshane925 has 30 seconds left.
|
|t:|1780086865
|move|p2b: Whimsicott|Moonblast|p1a: Archaludon
|-damage|p1a: Archaludon|0 fnt
|faint|p1a: Archaludon
|move|p1b: Sneasler|Dire Claw|p2b: Whimsicott
|-supereffective|p2b: Whimsicott|2
|-damage|p2b: Whimsicott|0 fnt
|faint|p2b: Whimsicott
|
|win|Sheeshshane925
|raw|Sheeshshane925's rating: 1995 &rarr; <strong>2014</strong><br />(+19 for winning)
|raw|toucansoup's rating: 1978 &rarr; <strong>1959</strong><br />(-19 for losing)
|c|☆toucansoup|till next time
|l|☆Sheeshshane925
|player|p1|
|l|☆toucansoup
|player|p2|
|l| DontEatMyLarvae
|j| DontEatMyLarvae
|l| DontEatMyLarvae
