|j|☆rintaro uchiha
|j|☆ScribbleScribble
|t:|1776889821
|gametype|doubles
|player|p1|rintaro uchiha|ethan|1628
|player|p2|ScribbleScribble|mina-lgpe|1664
|gen|9
|tier|[Gen 9 Champions] VGC 2026 Reg M-A
|rated|
|rule|Species Clause: Limit one of each Pokémon
|rule|Item Clause: Limit 1 of each item
|clearpoke
|poke|p1|Gardevoir, L50, M|
|poke|p1|Maushold-Four, L50|
|poke|p1|Garchomp, L50, M|
|poke|p1|Basculegion, L50, M|
|poke|p1|Kingambit, L50, F|
|poke|p1|Talonflame, L50, F|
|poke|p2|Meganium, L50, M|
|poke|p2|Sneasler, L50, F|
|poke|p2|Aerodactyl, L50, F|
|poke|p2|Kingambit, L50, M|
|poke|p2|Basculegion, L50, M|
|poke|p2|Farigiraf, L50, F|
|teampreview|4
|inactive|Battle timer is ON: inactive players will automatically lose when time's up. (requested by ScribbleScribble)
|j| Raccoooooons
|l| Raccoooooons
|inactive|rintaro uchiha has 60 seconds left.
|inactive|ScribbleScribble has 60 seconds left.
|
|t:|1776889874
|teamsize|p1|4
|teamsize|p2|4
|start
|switch|p1a: Talonflame|Talonflame, L50, F|100/100
|switch|p1b: Gardevoir|Gardevoir, L50, M|100/100
|switch|p2a: Farigiraf|Farigiraf, L50, F|100/100
|switch|p2b: Kingambit|Kingambit, L50, M|100/100
|-ability|p1b: Gardevoir|Defiant|Trace|[from] ability: Trace|[of] p2b: Kingambit
|turn|1
|
|t:|1776889889
|switch|p1b: Kingambit|Kingambit, L50, F|100/100
|move|p1a: Talonflame|Flare Blitz|p2b: Kingambit
|-supereffective|p2b: Kingambit|1
|-damage|p2b: Kingambit|28/100
|-damage|p1a: Talonflame|68/100|[from] Recoil
|move|p2b: Kingambit|Iron Head|p1b: Kingambit
|-resisted|p1b: Kingambit|1
|-damage|p1b: Kingambit|84/100
|move|p2a: Farigiraf|Trick Room|p2a: Farigiraf
|-fieldstart|move: Trick Room|[of] p2a: Farigiraf
|
|upkeep
|turn|2
|inactive|rintaro uchiha has 30 seconds left.
|
|t:|1776889918
|switch|p1a: Maushold|Maushold-Four, L50|100/100
|move|p2b: Kingambit|Low Kick|p1b: Kingambit
|-supereffective|p1b: Kingambit|2
|-enditem|p1b: Kingambit|Chople Berry|[eat]
|-enditem|p1b: Kingambit|Chople Berry|[weaken]
|-damage|p1b: Kingambit|43/100
|move|p1b: Kingambit|Low Kick|p2b: Kingambit
|-supereffective|p2b: Kingambit|2
|-damage|p2b: Kingambit|0 fnt
|faint|p2b: Kingambit
|move|p2a: Farigiraf|Hyper Voice|p1b: Kingambit|[spread] p1a,p1b
|-resisted|p1b: Kingambit|1
|-damage|p1a: Maushold|68/100
|-damage|p1b: Kingambit|32/100
|
|upkeep
|
|t:|1776889922
|switch|p2b: Meganium|Meganium, L50, M|100/100
|turn|3
|
|t:|1776889936
|move|p1a: Maushold|Protect|p1a: Maushold
|-singleturn|p1a: Maushold|Protect
|move|p1b: Kingambit|Iron Head|p2b: Meganium
|-damage|p2b: Meganium|58/100
|move|p2a: Farigiraf|Hyper Voice|p1a: Maushold|[spread] p1b
|-activate|p1a: Maushold|move: Protect
|-resisted|p1b: Kingambit|1
|-damage|p1b: Kingambit|23/100
|move|p2b: Meganium|Dazzling Gleam|p1b: Kingambit|[spread] p1b
|-activate|p1a: Maushold|move: Protect
|-damage|p1b: Kingambit|10/100
|
|upkeep
|turn|4
|j| 56hh4
|l| 56hh4
|
|t:|1776889961
|detailschange|p2b: Meganium|Meganium-Mega, L50, M
|-mega|p2b: Meganium|Meganium|Meganiumite
|move|p1b: Kingambit|Kowtow Cleave|p2a: Farigiraf
|-supereffective|p2a: Farigiraf|1
|-enditem|p2a: Farigiraf|Colbur Berry|[eat]
|-enditem|p2a: Farigiraf|Colbur Berry|[weaken]
|-damage|p2a: Farigiraf|56/100
|move|p2a: Farigiraf|Hyper Voice|p1a: Maushold|[spread] p1a,p1b
|-resisted|p1b: Kingambit|1
|-damage|p1a: Maushold|33/100
|-damage|p1b: Kingambit|0 fnt
|faint|p1b: Kingambit
|move|p2b: Meganium|Dazzling Gleam|p1a: Maushold
|-damage|p1a: Maushold|0 fnt
|faint|p1a: Maushold
|
|upkeep
|
|t:|1776889968
|switch|p1b: Gardevoir|Gardevoir, L50, M|100/100
|switch|p1a: Talonflame|Talonflame, L50, F|68/100
|-ability|p1b: Gardevoir|Armor Tail|Trace|[from] ability: Trace|[of] p2a: Farigiraf
|turn|5
|j| PangCL
|inactive|rintaro uchiha has 30 seconds left.
|
|t:|1776890000
|switch|p2b: Aerodactyl|Aerodactyl, L50, F|100/100
|-ability|p2b: Aerodactyl|Unnerve
|move|p1b: Gardevoir|Protect|p1b: Gardevoir
|-singleturn|p1b: Gardevoir|Protect
|move|p2a: Farigiraf|Hyper Voice|p1b: Gardevoir|[spread] p1a
|-activate|p1b: Gardevoir|move: Protect
|-damage|p1a: Talonflame|22/100
|move|p1a: Talonflame|Tailwind|p1a: Talonflame
|-sidestart|p1: rintaro uchiha|move: Tailwind
|
|-fieldend|move: Trick Room
|upkeep
|turn|6
|inactive|rintaro uchiha has 30 seconds left.
|
|t:|1776890029
|detailschange|p1b: Gardevoir|Gardevoir-Mega, L50, M
|-mega|p1b: Gardevoir|Gardevoir|Gardevoirite
|move|p1a: Talonflame|Flare Blitz|p2b: Aerodactyl
|-resisted|p2b: Aerodactyl|1
|-damage|p2b: Aerodactyl|64/100
|-damage|p1a: Talonflame|10/100|[from] Recoil
|move|p1b: Gardevoir|Hyper Voice|p2b: Aerodactyl|[spread] p2a,p2b
|-damage|p2a: Farigiraf|9/100
|-damage|p2b: Aerodactyl|0 fnt
|faint|p2b: Aerodactyl
|move|p2a: Farigiraf|Trick Room|p2a: Farigiraf
|-fieldstart|move: Trick Room|[of] p2a: Farigiraf
|
|upkeep
|
|t:|1776890034
|switch|p2b: Meganium|Meganium-Mega, L50, M|58/100
|turn|7
|
|t:|1776890049
|move|p1a: Talonflame|Protect|p1a: Talonflame
|-singleturn|p1a: Talonflame|Protect
|move|p2a: Farigiraf|Hyper Voice|p1b: Gardevoir|[spread] p1b
|-activate|p1a: Talonflame|move: Protect
|-damage|p1b: Gardevoir|80/100
|move|p2b: Meganium|Solar Beam||[still]
|-prepare|p2b: Meganium|Solar Beam
|-activate|p2b: Meganium|ability: Mega Sol
|-anim|p2b: Meganium|Solar Beam|p1b: Gardevoir
|-damage|p1b: Gardevoir|18/100
|move|p1b: Gardevoir|Trick Room|p1b: Gardevoir
|-fieldend|move: Trick Room
|
|upkeep
|turn|8
|
|t:|1776890066
|move|p1a: Talonflame|Acrobatics|p2b: Meganium
|-supereffective|p2b: Meganium|1
|-damage|p2b: Meganium|0 fnt
|faint|p2b: Meganium
|move|p1b: Gardevoir|Hyper Voice|p2a: Farigiraf
|-damage|p2a: Farigiraf|0 fnt
|faint|p2a: Farigiraf
|
|win|rintaro uchiha
|raw|rintaro uchiha's rating: 1643 &rarr; <strong>1664</strong><br />(+21 for winning)
|raw|ScribbleScribble's rating: 1664 &rarr; <strong>1643</strong><br />(-21 for losing)
|l|☆rintaro uchiha
|player|p1|
|l|☆ScribbleScribble
|player|p2|
