|j|‽Highkage2
|j|☆kananame
|t:|1778101568
|gametype|doubles
|player|p1|Highkage2|doubleteam|1767
|player|p2|kananame|n|1727
|gen|9
|tier|[Gen 9 Champions] VGC 2026 Reg M-A
|rated|
|rule|Species Clause: Limit one of each Pokémon
|rule|Item Clause: Limit 1 of each item
|clearpoke
|poke|p1|Archaludon, L50, M|
|poke|p1|Pelipper, L50, M|
|poke|p1|Sableye, L50, F|
|poke|p1|Basculegion, L50, M|
|poke|p1|Kingambit, L50, M|
|poke|p1|Venusaur, L50, M|
|poke|p2|Gardevoir, L50, F|
|poke|p2|Torkoal, L50, M|
|poke|p2|Typhlosion-Hisui, L50, F|
|poke|p2|Incineroar, L50, F|
|poke|p2|Meowscarada, L50, F|
|poke|p2|Garchomp, L50, F|
|teampreview|4
|inactive|Battle timer is ON: inactive players will automatically lose when time's up. (requested by kananame)
|inactive|Highkage2 has 60 seconds left.
|j| cesar097600
|inactive|Highkage2 has 30 seconds left.
|
|t:|1778101631
|teamsize|p1|4
|teamsize|p2|4
|start
|switch|p1a: Pelipper|Pelipper, L50, M|100/100
|switch|p1b: Kingambit|Kingambit, L50, M|100/100
|switch|p2a: Gardevoir|Gardevoir, L50, F|100/100
|switch|p2b: Typhlosion|Typhlosion-Hisui, L50, F|100/100
|-item|p1a: Pelipper|Sitrus Berry|[from] ability: Frisk|[of] p2b: Typhlosion
|-item|p1b: Kingambit|Chople Berry|[from] ability: Frisk|[of] p2b: Typhlosion
|-ability|p2a: Gardevoir|Defiant|Trace|[from] ability: Trace|[of] p1b: Kingambit
|-weather|RainDance|[from] ability: Drizzle|[of] p1a: Pelipper
|turn|1
|j| urgency4testing
|
|t:|1778101651
|detailschange|p2a: Gardevoir|Gardevoir-Mega, L50, F
|-mega|p2a: Gardevoir|Gardevoir|Gardevoirite
|move|p1a: Pelipper|Wide Guard|p1a: Pelipper
|-singleturn|p1a: Pelipper|Wide Guard
|move|p2b: Typhlosion|Will-O-Wisp|p1b: Kingambit
|-status|p1b: Kingambit|brn
|move|p2a: Gardevoir|Psychic|p1a: Pelipper
|-damage|p1a: Pelipper|33/100
|-enditem|p1a: Pelipper|Sitrus Berry|[eat]
|-heal|p1a: Pelipper|58/100|[from] item: Sitrus Berry
|move|p1b: Kingambit|Kowtow Cleave|p2a: Gardevoir
|-damage|p2a: Gardevoir|73/100
|
|-weather|RainDance|[upkeep]
|-damage|p1b: Kingambit|94/100 brn|[from] brn
|upkeep
|turn|2
|
|t:|1778101673
|switch|p2b: Torkoal|Torkoal, L50, M|100/100
|-weather|SunnyDay|[from] ability: Drought|[of] p2b: Torkoal
|switch|p1a: Sableye|Sableye, L50, F|100/100
|move|p2a: Gardevoir|Hyper Voice|p1a: Sableye|[spread] p1a,p1b
|-supereffective|p1a: Sableye|1
|-enditem|p1a: Sableye|Roseli Berry|[eat]
|-enditem|p1a: Sableye|Roseli Berry|[weaken]
|-damage|p1a: Sableye|38/100
|-damage|p1b: Kingambit|49/100 brn
|move|p1b: Kingambit|Kowtow Cleave|p2b: Torkoal
|-damage|p2b: Torkoal|81/100
|
|-weather|SunnyDay|[upkeep]
|-damage|p1b: Kingambit|43/100 brn|[from] brn
|upkeep
|turn|3
|j| BlackTrunk
|j| ThisOldManHePlayed
|inactive|Highkage2 has 30 seconds left.
|
|t:|1778101698
|switch|p1b: Pelipper|Pelipper, L50, M|58/100
|-weather|RainDance|[from] ability: Drizzle|[of] p1b: Pelipper
|switch|p2b: Meowscarada|Meowscarada, L50, F|100/100
|move|p1a: Sableye|Disable|p2a: Gardevoir
|-start|p2a: Gardevoir|Disable|Hyper Voice
|cant|p2a: Gardevoir|Disable|Hyper Voice
|
|-weather|RainDance|[upkeep]
|upkeep
|turn|4
|inactive|Highkage2 has 30 seconds left.
|
|t:|1778101726
|switch|p1b: Archaludon|Archaludon, L50, M|100/100
|move|p1a: Sableye|Encore|p2a: Gardevoir
|-start|p2a: Gardevoir|Encore
|move|p2b: Meowscarada|Flower Trick|p1a: Sableye
|-crit|p1a: Sableye
|-damage|p1a: Sableye|0 fnt
|faint|p1a: Sableye
|cant|p2a: Gardevoir|Disable|Hyper Voice
|
|-weather|RainDance|[upkeep]
|upkeep
|
|t:|1778101739
|switch|p1a: Kingambit|Kingambit, L50, M|43/100 brn
|turn|5
|inactive|Highkage2 has 30 seconds left.
|
|t:|1778101767
|switch|p2a: Torkoal|Torkoal, L50, M|81/100
|-weather|SunnyDay|[from] ability: Drought|[of] p2a: Torkoal
|move|p1a: Kingambit|Protect|p1a: Kingambit
|-singleturn|p1a: Kingambit|Protect
|move|p2b: Meowscarada|Knock Off|p1b: Archaludon
|-damage|p1b: Archaludon|61/100
|-ability|p1b: Archaludon|Stamina|boost
|-boost|p1b: Archaludon|def|1
|-enditem|p1b: Archaludon|Leftovers|[from] move: Knock Off|[of] p2b: Meowscarada
|move|p1b: Archaludon|Draco Meteor|p2b: Meowscarada
|-damage|p2b: Meowscarada|1/100
|-unboost|p1b: Archaludon|spa|2
|
|-weather|SunnyDay|[upkeep]
|-damage|p1a: Kingambit|37/100 brn|[from] brn
|upkeep
|turn|6
|inactive|Highkage2 has 30 seconds left.
|inactive|kananame has 30 seconds left.
|
|t:|1778101796
|switch|p1a: Pelipper|Pelipper, L50, M|58/100
|-weather|RainDance|[from] ability: Drizzle|[of] p1a: Pelipper
|move|p2b: Meowscarada|Protect|p2b: Meowscarada
|-singleturn|p2b: Meowscarada|Protect
|move|p1b: Archaludon|Electro Shot||[still]
|-prepare|p1b: Archaludon|Electro Shot
|-boost|p1b: Archaludon|spa|1
|-anim|p1b: Archaludon|Electro Shot|p2a: Torkoal
|-damage|p2a: Torkoal|47/100
|move|p2a: Torkoal|Eruption|p1b: Archaludon|[spread] p1a,p1b
|-resisted|p1a: Pelipper|1
|-damage|p1a: Pelipper|50/100g
|-damage|p1b: Archaludon|49/100
|-ability|p1b: Archaludon|Stamina|boost
|-boost|p1b: Archaludon|def|1
|
|-weather|RainDance|[upkeep]
|upkeep
|turn|7
|
|t:|1778101820
|switch|p1a: Kingambit|Kingambit, L50, M|37/100 brn
|switch|p2a: Gardevoir|Gardevoir-Mega, L50, F|73/100
|move|p2b: Meowscarada|Flower Trick|p1a: Kingambit
|-resisted|p1a: Kingambit|1
|-crit|p1a: Kingambit
|-damage|p1a: Kingambit|8/100 brn
|move|p1b: Archaludon|Electro Shot||[still]
|-prepare|p1b: Archaludon|Electro Shot
|-boost|p1b: Archaludon|spa|1
|-anim|p1b: Archaludon|Electro Shot|p2a: Gardevoir
|-damage|p2a: Gardevoir|40/100
|
|-weather|RainDance|[upkeep]
|-damage|p1a: Kingambit|2/100 brn|[from] brn
|upkeep
|turn|8
|
|t:|1778101844
|move|p1a: Kingambit|Sucker Punch|p2b: Meowscarada
|-resisted|p2b: Meowscarada|1
|-damage|p2b: Meowscarada|0 fnt
|faint|p2b: Meowscarada
|move|p2a: Gardevoir|Hyper Voice|p1a: Kingambit|[spread] p1a,p1b
|-damage|p1a: Kingambit|0 fnt
|-damage|p1b: Archaludon|4/100
|-ability|p1b: Archaludon|Stamina|boost
|-boost|p1b: Archaludon|def|1
|faint|p1a: Kingambit
|move|p1b: Archaludon|Flash Cannon|p2a: Gardevoir
|-supereffective|p2a: Gardevoir|1
|-damage|p2a: Gardevoir|0 fnt
|faint|p2a: Gardevoir
|
|-weather|RainDance|[upkeep]
|upkeep
|
|t:|1778101850
|switch|p2b: Torkoal|Torkoal, L50, M|47/100
|switch|p2a: Typhlosion|Typhlosion-Hisui, L50, F|100/100
|switch|p1a: Pelipper|Pelipper, L50, M|50/100g
|-weather|SunnyDay|[from] ability: Drought|[of] p2b: Torkoal
|turn|9
|
|t:|1778101866
|move|p2b: Torkoal|Helping Hand|p2a: Typhlosion
|-singleturn|p2a: Typhlosion|Helping Hand|[of] p2b: Torkoal
|move|p1b: Archaludon|Protect|p1b: Archaludon
|-singleturn|p1b: Archaludon|Protect
|move|p2a: Typhlosion|Shadow Ball|p1a: Pelipper
|-damage|p1a: Pelipper|0 fnt
|faint|p1a: Pelipper
|
|-weather|SunnyDay|[upkeep]
|upkeep
|turn|10
|-message|Highkage2 forfeited.
|
|win|kananame
|raw|Highkage2's rating: 1767 &rarr; <strong>1745</strong><br />(-22 for losing)
|raw|kananame's rating: 1727 &rarr; <strong>1749</strong><br />(+22 for winning)
|l|‽Highkage2
|player|p1|
|l| urgency4testing
|l|☆kananame
|player|p2|
|l| cesar097600
