|j|☆ScribbleScribble
|j|☆sjysjy
|t:|1776845598
|gametype|doubles
|player|p1|ScribbleScribble|mina-lgpe|1669
|player|p2|sjysjy|1|1678
|gen|9
|tier|[Gen 9 Champions] VGC 2026 Reg M-A
|rated|
|rule|Species Clause: Limit one of each Pokémon
|rule|Item Clause: Limit 1 of each item
|clearpoke
|poke|p1|Meganium, L50, F|
|poke|p1|Sneasler, L50, M|
|poke|p1|Aerodactyl, L50, M|
|poke|p1|Kingambit, L50, F|
|poke|p1|Basculegion, L50, M|
|poke|p1|Farigiraf, L50, M|
|poke|p2|Blastoise, L50, F|
|poke|p2|Sinistcha-Masterpiece, L50|
|poke|p2|Sableye, L50, F|
|poke|p2|Orthworm, L50, F|
|poke|p2|Farigiraf, L50, M|
|poke|p2|Maushold, L50|
|teampreview|4
|inactive|Battle timer is ON: inactive players will automatically lose when time's up. (requested by ScribbleScribble)
|j| DanielBJG
|inactive|sjysjy has 60 seconds left.
|
|t:|1776845631
|teamsize|p1|4
|teamsize|p2|4
|start
|switch|p1a: Farigiraf|Farigiraf, L50, M|100/100
|switch|p1b: Meganium|Meganium, L50, F|100/100
|switch|p2a: Maushold|Maushold, L50|100/100
|switch|p2b: Orthworm|Orthworm, L50, F|100/100
|turn|1
|j| Helpinghansivg
|inactive|ScribbleScribble has 30 seconds left.
|inactive|sjysjy has 30 seconds left.
|inactive|sjysjy has 20 seconds left.
|inactive|sjysjy has 15 seconds left.
|inactive|sjysjy has 10 seconds left.
|
|t:|1776845681
|detailschange|p1b: Meganium|Meganium-Mega, L50, F
|-mega|p1b: Meganium|Meganium|Meganiumite
|move|p1a: Farigiraf|Helping Hand|p1b: Meganium
|-singleturn|p1b: Meganium|Helping Hand|[of] p1a: Farigiraf
|move|p2a: Maushold|Super Fang|p1b: Meganium
|-damage|p1b: Meganium|51/100
|move|p1b: Meganium|Dazzling Gleam|p2a: Maushold|[spread] p2a,p2b
|-resisted|p2b: Orthworm|1
|-damage|p2a: Maushold|38/100
|-damage|p2b: Orthworm|68/100
|move|p2b: Orthworm|Heavy Slam|p1b: Meganium
|-supereffective|p1b: Meganium|1
|-damage|p1b: Meganium|27/100
|
|upkeep
|turn|2
|inactive|ScribbleScribble has 30 seconds left.
|inactive|ScribbleScribble has 20 seconds left.
|inactive|ScribbleScribble has 15 seconds left.
|
|t:|1776845723
|move|p2b: Orthworm|Protect|p2b: Orthworm
|-singleturn|p2b: Orthworm|Protect
|move|p2a: Maushold|Encore|p1a: Farigiraf
|-start|p1a: Farigiraf|Encore
|move|p1a: Farigiraf|Helping Hand|p1b: Meganium
|-singleturn|p1b: Meganium|Helping Hand|[of] p1a: Farigiraf
|move|p1b: Meganium|Dazzling Gleam|p2a: Maushold|[spread] p2a
|-activate|p2b: Orthworm|move: Protect
|-damage|p2a: Maushold|0 fnt
|faint|p2a: Maushold
|
|upkeep
|
|t:|1776845736
|switch|p2a: Blastoise|Blastoise, L50, F|100/100
|turn|3
|j| CrazyyBoi
|
|t:|1776845761
|switch|p1a: Aerodactyl|Aerodactyl, L50, M|100/100
|-ability|p1a: Aerodactyl|Unnerve
|switch|p2b: Sinistcha|Sinistcha-Masterpiece, L50|100/100
|detailschange|p2a: Blastoise|Blastoise-Mega, L50, F
|-mega|p2a: Blastoise|Blastoise|Blastoisinite
|move|p1b: Meganium|Weather Ball|p2b: Sinistcha
|-supereffective|p2b: Sinistcha|1
|-damage|p2b: Sinistcha|0 fnt
|faint|p2b: Sinistcha
|move|p2a: Blastoise|Ice Beam|p1b: Meganium
|-supereffective|p1b: Meganium|1
|-crit|p1b: Meganium
|-damage|p1b: Meganium|0 fnt
|faint|p1b: Meganium
|
|upkeep
|
|t:|1776845781
|switch|p1b: Kingambit|Kingambit, L50, F|100/100
|switch|p2b: Orthworm|Orthworm, L50, F|68/100
|turn|4
|
|t:|1776845788
|move|p2a: Blastoise|Protect|p2a: Blastoise
|-singleturn|p2a: Blastoise|Protect
|move|p1a: Aerodactyl|Tailwind|p1a: Aerodactyl
|-sidestart|p1: ScribbleScribble|move: Tailwind
|move|p1b: Kingambit|Low Kick|p2b: Orthworm
|-supereffective|p2b: Orthworm|1
|-damage|p2b: Orthworm|11/100
|move|p2b: Orthworm|Body Press|p1b: Kingambit
|-supereffective|p1b: Kingambit|2
|-damage|p1b: Kingambit|0 fnt
|faint|p1b: Kingambit
|
|upkeep
|
|t:|1776845791
|switch|p1b: Farigiraf|Farigiraf, L50, M|100/100
|turn|5
|
|t:|1776845806
|move|p2b: Orthworm|Protect|p2b: Orthworm
|-singleturn|p2b: Orthworm|Protect
|move|p1a: Aerodactyl|Rock Slide|p2a: Blastoise|[spread] p2a
|-activate|p2b: Orthworm|move: Protect
|-damage|p2a: Blastoise|80/100
|move|p1b: Farigiraf|Hyper Voice|p2b: Orthworm|[spread] p2a
|-activate|p2b: Orthworm|move: Protect
|-damage|p2a: Blastoise|57/100
|move|p2a: Blastoise|Water Spout|p1b: Farigiraf|[spread] p1a,p1b
|-supereffective|p1a: Aerodactyl|1
|-enditem|p1a: Aerodactyl|Focus Sash
|-damage|p1a: Aerodactyl|1/100
|-damage|p1b: Farigiraf|65/100
|
|upkeep
|turn|6
|
|t:|1776845825
|move|p2b: Orthworm|Protect||[still]
|-fail|p2b: Orthworm
|move|p1a: Aerodactyl|Rock Slide|p2b: Orthworm|[spread] p2a,p2b
|-crit|p2a: Blastoise
|-resisted|p2b: Orthworm|1
|-damage|p2a: Blastoise|23/100
|-damage|p2b: Orthworm|4/100
|move|p1b: Farigiraf|Hyper Voice|p2a: Blastoise|[spread] p2a,p2b
|-resisted|p2b: Orthworm|1
|-damage|p2a: Blastoise|0 fnt
|-damage|p2b: Orthworm|0 fnt
|faint|p2a: Blastoise
|faint|p2b: Orthworm
|
|win|ScribbleScribble
|raw|ScribbleScribble's rating: 1645 &rarr; <strong>1667</strong><br />(+22 for winning)
|raw|sjysjy's rating: 1678 &rarr; <strong>1656</strong><br />(-22 for losing)
|l|☆sjysjy
|player|p2|
|l|☆ScribbleScribble
|player|p1|
|l| CrazyyBoi
