|j|☆IMONNAMASTERQUEST
|j|☆megagenger2023
|t:|1780095477
|gametype|doubles
|player|p1|IMONNAMASTERQUEST|blue|1849
|player|p2|megagenger2023|169|1983
|gen|9
|tier|[Gen 9 Champions] VGC 2026 Reg M-A
|rated|
|rule|Species Clause: Limit one of each Pokémon
|rule|Item Clause: Limit 1 of each item
|clearpoke
|poke|p1|Gardevoir, L50, M, shiny|
|poke|p1|Tyranitar, L50, M, shiny|
|poke|p1|Rotom-Wash, L50, shiny|
|poke|p1|Excadrill, L50, F|
|poke|p1|Sinistcha, L50|
|poke|p1|Starmie, L50, shiny|
|poke|p2|Gengar, L50, F|
|poke|p2|Archaludon, L50, F|
|poke|p2|Politoed, L50, F|
|poke|p2|Incineroar, L50, F|
|poke|p2|Sinistcha-Masterpiece, L50|
|poke|p2|Froslass, L50, F|
|teampreview|4
|j| booboopeepee
|
|t:|1780095535
|teamsize|p1|4
|teamsize|p2|4
|start
|switch|p1a: impudence..|Gardevoir, L50, M, shiny|100/100
|switch|p1b: I WILL ROCK YOU|Tyranitar, L50, M, shiny|100/100
|switch|p2a: Gengar|Gengar, L50, F|100/100
|switch|p2b: Incineroar|Incineroar, L50, F|100/100
|-weather|Sandstorm|[from] ability: Sand Stream|[of] p1b: I WILL ROCK YOU
|-ability|p2b: Incineroar|Intimidate|boost
|-unboost|p1a: impudence..|atk|1
|-unboost|p1b: I WILL ROCK YOU|atk|1
|turn|1
|inactive|Battle timer is ON: inactive players will automatically lose when time's up. (requested by megagenger2023)
|
|t:|1780095555
|detailschange|p2a: Gengar|Gengar-Mega, L50, F
|-mega|p2a: Gengar|Gengar|Gengarite
|detailschange|p1a: impudence..|Gardevoir-Mega, L50, M, shiny
|-mega|p1a: impudence..|Gardevoir|Gardevoirite
|move|p2a: Gengar|Protect|p2a: Gengar
|-singleturn|p2a: Gengar|Protect
|move|p1a: impudence..|Calm Mind|p1a: impudence..
|-boost|p1a: impudence..|spa|1
|-boost|p1a: impudence..|spd|1
|move|p1b: I WILL ROCK YOU|Knock Off|p2a: Gengar
|-activate|p2a: Gengar|move: Protect
|move|p2b: Incineroar|Parting Shot|p1a: impudence..
|-unboost|p1a: impudence..|atk|1
|-unboost|p1a: impudence..|spa|1
|
|t:|1780095572
|switch|p2b: Politoed|Politoed, L50, F|100/100|[from] Parting Shot
|-weather|RainDance|[from] ability: Drizzle|[of] p2b: Politoed
|
|-weather|RainDance|[upkeep]
|upkeep
|turn|2
|
|t:|1780095585
|switch|p2a: Incineroar|Incineroar, L50, F|100/100
|-ability|p2a: Incineroar|Intimidate|boost
|-unboost|p1a: impudence..|atk|1
|-unboost|p1b: I WILL ROCK YOU|atk|1
|move|p1a: impudence..|Hyper Voice|p2b: Politoed|[spread] p2a,p2b
|-damage|p2a: Incineroar|64/100
|-damage|p2b: Politoed|58/100
|move|p1b: I WILL ROCK YOU|Knock Off|p2b: Politoed
|-crit|p2b: Politoed
|-damage|p2b: Politoed|0 fnt
|-enditem|p2b: Politoed|Sitrus Berry|[from] move: Knock Off|[of] p1b: I WILL ROCK YOU
|faint|p2b: Politoed
|
|-weather|RainDance|[upkeep]
|upkeep
|
|t:|1780095596
|switch|p2b: Gengar|Gengar-Mega, L50, F|100/100
|turn|3
|
|t:|1780095609
|move|p1a: impudence..|Protect|p1a: impudence..
|-singleturn|p1a: impudence..|Protect
|move|p2a: Incineroar|Fake Out|p1b: I WILL ROCK YOU
|-resisted|p1b: I WILL ROCK YOU|1
|-damage|p1b: I WILL ROCK YOU|95/100
|move|p2b: Gengar|Perish Song|p2b: Gengar
|-start|p1a: impudence..|perish3|[silent]
|-start|p1b: I WILL ROCK YOU|perish3|[silent]
|-start|p2a: Incineroar|perish3|[silent]
|-start|p2b: Gengar|perish3|[silent]
|-fieldactivate|move: Perish Song
|cant|p1b: I WILL ROCK YOU|flinch
|
|-weather|RainDance|[upkeep]
|-start|p2b: Gengar|perish3
|-start|p1a: impudence..|perish3
|-start|p1b: I WILL ROCK YOU|perish3
|-start|p2a: Incineroar|perish3
|upkeep
|turn|4
|
|t:|1780095616
|move|p2b: Gengar|Protect|p2b: Gengar
|-singleturn|p2b: Gengar|Protect
|move|p2a: Incineroar|Protect|p2a: Incineroar
|-singleturn|p2a: Incineroar|Protect
|move|p1a: impudence..|Hyper Voice|p2b: Gengar|[spread] 
|-activate|p2a: Incineroar|move: Protect
|-activate|p2b: Gengar|move: Protect
|move|p1b: I WILL ROCK YOU|Rock Slide|p2b: Gengar|[spread] 
|-activate|p2a: Incineroar|move: Protect
|-activate|p2b: Gengar|move: Protect
|
|-weather|RainDance|[upkeep]
|-start|p2b: Gengar|perish2
|-start|p1a: impudence..|perish2
|-start|p1b: I WILL ROCK YOU|perish2
|-start|p2a: Incineroar|perish2
|upkeep
|turn|5
|
|t:|1780095633
|switch|p2b: Archaludon|Archaludon, L50, F|100/100
|move|p1a: impudence..|Hyper Voice|p2a: Incineroar|[spread] p2a,p2b
|-damage|p2a: Incineroar|23/100
|-damage|p2b: Archaludon|53/100
|-ability|p2b: Archaludon|Stamina|boost
|-boost|p2b: Archaludon|def|1
|move|p1b: I WILL ROCK YOU|Knock Off|p2b: Archaludon
|-damage|p2b: Archaludon|38/100
|-ability|p2b: Archaludon|Stamina|boost
|-boost|p2b: Archaludon|def|1
|-enditem|p2b: Archaludon|Leftovers|[from] move: Knock Off|[of] p1b: I WILL ROCK YOU
|move|p2a: Incineroar|Parting Shot|p1b: I WILL ROCK YOU
|-unboost|p1b: I WILL ROCK YOU|atk|1
|-unboost|p1b: I WILL ROCK YOU|spa|1
|
|t:|1780095643
|switch|p2a: Gengar|Gengar-Mega, L50, F|100/100|[from] Parting Shot
|
|-weather|none
|-start|p1a: impudence..|perish1
|-start|p1b: I WILL ROCK YOU|perish1
|upkeep
|turn|6
|l| booboopeepee
|j| booboopeepee
|inactive|megagenger2023 has 30 seconds left.
|
|t:|1780095669
|move|p2a: Gengar|Protect|p2a: Gengar
|-singleturn|p2a: Gengar|Protect
|move|p2b: Archaludon|Protect|p2b: Archaludon
|-singleturn|p2b: Archaludon|Protect
|move|p1a: impudence..|Hyper Voice|p2b: Archaludon|[spread] 
|-activate|p2a: Gengar|move: Protect
|-activate|p2b: Archaludon|move: Protect
|move|p1b: I WILL ROCK YOU|Knock Off|p2a: Gengar
|-activate|p2a: Gengar|move: Protect
|
|-start|p1a: impudence..|perish0
|-start|p1b: I WILL ROCK YOU|perish0
|faint|p1a: impudence..
|faint|p1b: I WILL ROCK YOU
|upkeep
|
|t:|1780095672
|switch|p1a: bob Z UNBLDA|Excadrill, L50, F|100/100
|switch|p1b: JOHN GOTTI v2|Rotom-Wash, L50, shiny|100/100
|turn|7
|l| booboopeepee
|j| booboopeepee
|inactive|megagenger2023 has 30 seconds left.
|
|t:|1780095702
|switch|p2b: Incineroar|Incineroar, L50, F|23/100
|-ability|p2b: Incineroar|Intimidate|boost
|-unboost|p1a: bob Z UNBLDA|atk|1
|-unboost|p1b: JOHN GOTTI v2|atk|1
|move|p2a: Gengar|Perish Song|p2a: Gengar
|-start|p1a: bob Z UNBLDA|perish3|[silent]
|-start|p1b: JOHN GOTTI v2|perish3|[silent]
|-start|p2a: Gengar|perish3|[silent]
|-start|p2b: Incineroar|perish3|[silent]
|-fieldactivate|move: Perish Song
|move|p1a: bob Z UNBLDA|Earthquake|p2a: Gengar|[spread] p2a,p2b
|-immune|p1b: JOHN GOTTI v2|[from] ability: Levitate
|-supereffective|p2a: Gengar|1
|-supereffective|p2b: Incineroar|1
|-damage|p2a: Gengar|27/100
|-damage|p2b: Incineroar|0 fnt
|faint|p2b: Incineroar
|move|p1b: JOHN GOTTI v2|Thunderbolt|p2a: Gengar
|-damage|p2a: Gengar|0 fnt
|faint|p2a: Gengar
|
|-start|p1a: bob Z UNBLDA|perish3
|-start|p1b: JOHN GOTTI v2|perish3
|upkeep
|
|t:|1780095714
|switch|p2b: Archaludon|Archaludon, L50, F|38/100
|turn|8
|
|t:|1780095717
|move|p2b: Archaludon|Protect|p2b: Archaludon
|-singleturn|p2b: Archaludon|Protect
|move|p1a: bob Z UNBLDA|Earthquake|p2b: Archaludon|[spread] 
|-activate|p2b: Archaludon|move: Protect
|-immune|p1b: JOHN GOTTI v2|[from] ability: Levitate
|move|p1b: JOHN GOTTI v2|Thunderbolt|p2b: Archaludon
|-activate|p2b: Archaludon|move: Protect
|
|-start|p1a: bob Z UNBLDA|perish2
|-start|p1b: JOHN GOTTI v2|perish2
|upkeep
|turn|9
|
|t:|1780095720
|move|p2b: Archaludon|Protect||[still]
|-fail|p2b: Archaludon
|move|p1a: bob Z UNBLDA|Earthquake|p2b: Archaludon|[spread] p2b
|-immune|p1b: JOHN GOTTI v2|[from] ability: Levitate
|-supereffective|p2b: Archaludon|1
|-damage|p2b: Archaludon|0 fnt
|faint|p2b: Archaludon
|
|win|IMONNAMASTERQUEST
|raw|IMONNAMASTERQUEST's rating: 1849 &rarr; <strong>1876</strong><br />(+27 for winning)
|raw|megagenger2023's rating: 1983 &rarr; <strong>1956</strong><br />(-27 for losing)
|l|☆megagenger2023
|player|p2|
|l| booboopeepee
|c|☆IMONNAMASTERQUEST|holy shit
|l|☆IMONNAMASTERQUEST
|player|p1|
