|j|☆bwahacough
|j|☆SunFakeout
|t:|1778301236
|gametype|doubles
|player|p1|bwahacough|102|1841
|player|p2|SunFakeout|2|1961
|gen|9
|tier|[Gen 9 Champions] VGC 2026 Reg M-A
|rated|
|rule|Species Clause: Limit one of each Pokémon
|rule|Item Clause: Limit 1 of each item
|clearpoke
|poke|p1|Lycanroc, L50, M, shiny|
|poke|p1|Tyranitar, L50, M|
|poke|p1|Farigiraf, L50, M, shiny|
|poke|p1|Floette-Eternal, L50, F|
|poke|p1|Milotic, L50, F, shiny|
|poke|p1|Kingambit, L50, M, shiny|
|poke|p2|Blastoise, L50, F|
|poke|p2|Kangaskhan, L50, F|
|poke|p2|Farigiraf, L50, F|
|poke|p2|Basculegion, L50, M|
|poke|p2|Torkoal, L50, M|
|poke|p2|Vivillon-Fancy, L50, F|
|teampreview|4
|j| darkbeam79
|
|t:|1778301258
|teamsize|p1|4
|teamsize|p2|4
|start
|switch|p1a: Lycanroc|Lycanroc, L50, M, shiny|100/100
|switch|p1b: Tyranitar|Tyranitar, L50, M|100/100
|switch|p2a: Kangaskhan|Kangaskhan, L50, F|100/100
|switch|p2b: Farigiraf|Farigiraf, L50, F|100/100
|-weather|Sandstorm|[from] ability: Sand Stream|[of] p1b: Tyranitar
|turn|1
|
|t:|1778301271
|detailschange|p2a: Kangaskhan|Kangaskhan-Mega, L50, F
|-mega|p2a: Kangaskhan|Kangaskhan|Kangaskhanite
|move|p1a: Lycanroc|Close Combat|p2a: Kangaskhan
|-supereffective|p2a: Kangaskhan|1
|-damage|p2a: Kangaskhan|35/100
|-unboost|p1a: Lycanroc|def|1
|-unboost|p1a: Lycanroc|spd|1
|move|p2a: Kangaskhan|Low Kick|p1b: Tyranitar
|-supereffective|p1b: Tyranitar|2
|-damage|p1b: Tyranitar|0 fnt
|faint|p1b: Tyranitar
|move|p2b: Farigiraf|Trick Room|p2b: Farigiraf
|-fieldstart|move: Trick Room|[of] p2b: Farigiraf
|
|-weather|Sandstorm|[upkeep]
|-damage|p2b: Farigiraf|93/100|[from] Sandstorm
|-damage|p2a: Kangaskhan|29/100|[from] Sandstorm
|upkeep
|
|t:|1778301276
|switch|p1b: Farigiraf|Farigiraf, L50, M, shiny|100/100
|turn|2
|
|t:|1778301306
|move|p1b: Farigiraf|Protect|p1b: Farigiraf
|-singleturn|p1b: Farigiraf|Protect
|move|p1a: Lycanroc|Protect|p1a: Lycanroc
|-singleturn|p1a: Lycanroc|Protect
|move|p2b: Farigiraf|Psychic|p1a: Lycanroc
|-activate|p1a: Lycanroc|move: Protect
|move|p2a: Kangaskhan|Double-Edge|p1a: Lycanroc
|-activate|p1a: Lycanroc|move: Protect
|
|-weather|Sandstorm|[upkeep]
|-damage|p2b: Farigiraf|87/100|[from] Sandstorm
|-damage|p1b: Farigiraf|94/100|[from] Sandstorm
|-damage|p2a: Kangaskhan|23/100|[from] Sandstorm
|upkeep
|turn|3
|
|t:|1778301341
|move|p2b: Farigiraf|Psychic|p1a: Lycanroc
|-damage|p1a: Lycanroc|37/100
|-unboost|p1a: Lycanroc|spd|1
|move|p1b: Farigiraf|Hyper Voice|p2b: Farigiraf|[spread] p2a,p2b
|-damage|p2a: Kangaskhan|1/100
|-damage|p2b: Farigiraf|63/100
|move|p2a: Kangaskhan|Double-Edge|p1a: Lycanroc
|-resisted|p1a: Lycanroc|1
|-damage|p1a: Lycanroc|0 fnt
|faint|p1a: Lycanroc
|-damage|p2a: Kangaskhan|0 fnt|[from] Recoil
|faint|p2a: Kangaskhan
|
|-weather|Sandstorm|[upkeep]
|-damage|p2b: Farigiraf|57/100|[from] Sandstorm
|-damage|p1b: Farigiraf|88/100|[from] Sandstorm
|upkeep
|
|t:|1778301352
|switch|p2a: Torkoal|Torkoal, L50, M|100/100
|switch|p1a: Floette|Floette-Eternal, L50, F|100/100
|-weather|SunnyDay|[from] ability: Drought|[of] p2a: Torkoal
|turn|4
|
|t:|1778301359
|move|p2b: Farigiraf|Helping Hand|p2a: Torkoal
|-singleturn|p2a: Torkoal|Helping Hand|[of] p2b: Farigiraf
|move|p1b: Farigiraf|Protect|p1b: Farigiraf
|-singleturn|p1b: Farigiraf|Protect
|move|p1a: Floette|Protect|p1a: Floette
|-singleturn|p1a: Floette|Protect
|move|p2a: Torkoal|Eruption|p1a: Floette|[spread] 
|-activate|p1a: Floette|move: Protect
|-activate|p1b: Farigiraf|move: Protect
|
|-weather|SunnyDay|[upkeep]
|upkeep
|turn|5
|
|t:|1778301371
|detailschange|p1a: Floette|Floette-Mega, L50, F
|-mega|p1a: Floette|Floette|Floettite
|-ability|p1a: Floette|Fairy Aura
|move|p2b: Farigiraf|Helping Hand|p2a: Torkoal
|-singleturn|p2a: Torkoal|Helping Hand|[of] p2b: Farigiraf
|move|p1b: Farigiraf|Protect|p1b: Farigiraf
|-singleturn|p1b: Farigiraf|Protect
|move|p1a: Floette|Protect||[still]
|-fail|p1a: Floette
|move|p2a: Torkoal|Eruption|p1a: Floette|[spread] p1a
|-activate|p1b: Farigiraf|move: Protect
|-damage|p1a: Floette|0 fnt
|faint|p1a: Floette
|
|-weather|SunnyDay|[upkeep]
|-fieldend|move: Trick Room
|upkeep
|turn|6
|
|t:|1778301388
|move|p2b: Farigiraf|Helping Hand|p2a: Torkoal
|-singleturn|p2a: Torkoal|Helping Hand|[of] p2b: Farigiraf
|move|p1b: Farigiraf|Hyper Voice|p2a: Torkoal|[spread] p2a,p2b
|-damage|p2a: Torkoal|66/100
|-damage|p2b: Farigiraf|34/100
|-enditem|p2b: Farigiraf|Sitrus Berry|[eat]
|-heal|p2b: Farigiraf|59/100|[from] item: Sitrus Berry
|move|p2a: Torkoal|Eruption|p1b: Farigiraf
|-damage|p1b: Farigiraf|0 fnt
|faint|p1b: Farigiraf
|
|win|SunFakeout
|raw|bwahacough's rating: 1841 &rarr; <strong>1828</strong><br />(-13 for losing)
|raw|SunFakeout's rating: 1961 &rarr; <strong>1974</strong><br />(+13 for winning)
|l|☆SunFakeout
|player|p2|
