|j|☆dmeco
|j|☆joej m
|t:|1778001370
|gametype|doubles
|player|p1|dmeco|170|1754
|player|p2|joej m|265|1784
|gen|9
|tier|[Gen 9 Champions] VGC 2026 Reg M-A
|rated|
|rule|Species Clause: Limit one of each Pokémon
|rule|Item Clause: Limit 1 of each item
|clearpoke
|poke|p1|Charizard, L50, M, shiny|
|poke|p1|Garchomp, L50, F, shiny|
|poke|p1|Raichu, L50, M|
|poke|p1|Espathra, L50, M|
|poke|p1|Kingambit, L50, F|
|poke|p1|Sylveon, L50, M|
|poke|p2|Pelipper, L50, F|
|poke|p2|Garchomp, L50, F|
|poke|p2|Sinistcha, L50|
|poke|p2|Floette-Eternal, L50, F|
|poke|p2|Sneasler, L50, F|
|poke|p2|Aegislash, L50, F|
|teampreview|4
|inactive|Battle timer is ON: inactive players will automatically lose when time's up. (requested by dmeco)
|
|t:|1778001428
|teamsize|p1|4
|teamsize|p2|4
|start
|switch|p1a: Espathra|Espathra, L50, M|100/100
|switch|p1b: Raichu|Raichu, L50, M|100/100
|switch|p2a: Garchomp|Garchomp, L50, F|100/100
|switch|p2b: Floette|Floette-Eternal, L50, F|100/100
|turn|1
|
|t:|1778001444
|detailschange|p2b: Floette|Floette-Mega, L50, F
|-mega|p2b: Floette|Floette|Floettite
|-ability|p2b: Floette|Fairy Aura
|move|p1b: Raichu|Fake Out|p2b: Floette
|-damage|p2b: Floette|91/100
|move|p2a: Garchomp|Stomping Tantrum|p1a: Espathra
|-damage|p1a: Espathra|63/100
|cant|p2b: Floette|flinch
|move|p1a: Espathra|Calm Mind|p1a: Espathra
|-boost|p1a: Espathra|spa|1
|-boost|p1a: Espathra|spd|1
|
|-ability|p1a: Espathra|Speed Boost|boost
|-boost|p1a: Espathra|spe|1
|upkeep
|turn|2
|j| 67sigmagrindset
|inactive|dmeco has 30 seconds left.
|inactive|dmeco has 20 seconds left.
|
|t:|1778001483
|move|p1a: Espathra|Protect|p1a: Espathra
|-singleturn|p1a: Espathra|Protect
|move|p1b: Raichu|Protect|p1b: Raichu
|-singleturn|p1b: Raichu|Protect
|move|p2a: Garchomp|Stomping Tantrum|p1a: Espathra
|-activate|p1a: Espathra|move: Protect
|move|p2b: Floette|Dazzling Gleam|p1a: Espathra|[spread] 
|-activate|p1a: Espathra|move: Protect
|-activate|p1b: Raichu|move: Protect
|
|-ability|p1a: Espathra|Speed Boost|boost
|-boost|p1a: Espathra|spe|1
|upkeep
|turn|3
|inactive|joej m has 30 seconds left.
|
|t:|1778001508
|move|p1a: Espathra|Baton Pass|p1a: Espathra
|
|t:|1778001511
|switch|p1a: Charizard|Charizard, L50, M, shiny|100/100|[from] Baton Pass
|move|p2a: Garchomp|Stomping Tantrum|p1b: Raichu
|-supereffective|p1b: Raichu|1
|-enditem|p1b: Raichu|Focus Sash
|-damage|p1b: Raichu|1/100
|move|p1b: Raichu|Volt Switch|p2b: Floette
|-damage|p2b: Floette|69/100
|
|t:|1778001521
|switch|p1b: Espathra|Espathra, L50, M|63/100|[from] Volt Switch
|move|p2b: Floette|Light of Ruin|p1a: Charizard
|-resisted|p1a: Charizard|1
|-damage|p1a: Charizard|58/100
|-damage|p2b: Floette|49/100|[from] Recoil
|
|upkeep
|turn|4
|inactive|joej m has 30 seconds left.
|inactive|dmeco has 30 seconds left.
|inactive|joej m has 20 seconds left.
|
|t:|1778001560
|switch|p2a: Sneasler|Sneasler, L50, F|100/100
|detailschange|p1a: Charizard|Charizard-Mega-Y, L50, M, shiny
|-mega|p1a: Charizard|Charizard|Charizardite Y
|-weather|SunnyDay|[from] ability: Drought|[of] p1a: Charizard
|move|p2b: Floette|Protect|p2b: Floette
|-singleturn|p2b: Floette|Protect
|move|p1a: Charizard|Heat Wave|p2b: Floette|[spread] p2a
|-activate|p2b: Floette|move: Protect
|-damage|p2a: Sneasler|0 fnt
|faint|p2a: Sneasler
|move|p1b: Espathra|Calm Mind|p1b: Espathra
|-boost|p1b: Espathra|spa|1
|-boost|p1b: Espathra|spd|1
|
|-weather|SunnyDay|[upkeep]
|-ability|p1b: Espathra|Speed Boost|boost
|-boost|p1b: Espathra|spe|1
|upkeep
|
|t:|1778001566
|switch|p2a: Garchomp|Garchomp, L50, F|100/100
|turn|5
|
|t:|1778001579
|switch|p2b: Pelipper|Pelipper, L50, F|100/100
|-weather|RainDance|[from] ability: Drizzle|[of] p2b: Pelipper
|move|p1a: Charizard|Protect|p1a: Charizard
|-singleturn|p1a: Charizard|Protect
|move|p1b: Espathra|Protect|p1b: Espathra
|-singleturn|p1b: Espathra|Protect
|move|p2a: Garchomp|Rock Slide|p1a: Charizard|[spread] 
|-activate|p1a: Charizard|move: Protect
|-activate|p1b: Espathra|move: Protect
|
|-weather|RainDance|[upkeep]
|-ability|p1b: Espathra|Speed Boost|boost
|-boost|p1b: Espathra|spe|1
|upkeep
|turn|6
|inactive|dmeco has 30 seconds left.
|inactive|joej m has 30 seconds left.
|
|t:|1778001613
|switch|p2b: Floette|Floette-Mega, L50, F|49/100
|-ability|p2b: Floette|Fairy Aura
|move|p1b: Espathra|Lumina Crash|p2a: Garchomp
|-damage|p2a: Garchomp|51/100
|-unboost|p2a: Garchomp|spd|2
|move|p1a: Charizard|Weather Ball|p2a: Garchomp
|-damage|p2a: Garchomp|0 fnt
|faint|p2a: Garchomp
|
|-weather|RainDance|[upkeep]
|-ability|p1b: Espathra|Speed Boost|boost
|-boost|p1b: Espathra|spe|1
|upkeep
|
|t:|1778001617
|switch|p2a: Pelipper|Pelipper, L50, F|100/100
|turn|7
|
|t:|1778001633
|move|p2b: Floette|Protect|p2b: Floette
|-singleturn|p2b: Floette|Protect
|move|p1b: Espathra|Lumina Crash|p2a: Pelipper
|-damage|p2a: Pelipper|45/100
|-unboost|p2a: Pelipper|spd|2
|-enditem|p2a: Pelipper|Sitrus Berry|[eat]
|-heal|p2a: Pelipper|70/100|[from] item: Sitrus Berry
|move|p1a: Charizard|Weather Ball|p2a: Pelipper
|-resisted|p2a: Pelipper|1
|-damage|p2a: Pelipper|0 fnt
|faint|p2a: Pelipper
|
|-weather|RainDance|[upkeep]
|-ability|p1b: Espathra|Speed Boost|boost
|-boost|p1b: Espathra|spe|1
|upkeep
|turn|8
|-message|joej m forfeited.
|
|win|dmeco
|raw|dmeco's rating: 1754 &rarr; <strong>1776</strong><br />(+22 for winning)
|raw|joej m's rating: 1784 &rarr; <strong>1762</strong><br />(-22 for losing)
|l|☆joej m
|player|p2|
