|j|☆huanyu0.0
|j|☆aroswing
|t:|1776826964
|gametype|doubles
|player|p1|huanyu0.0|dawn|1610
|player|p2|aroswing|169|1659
|gen|9
|tier|[Gen 9 Champions] VGC 2026 Reg M-A
|rated|
|rule|Species Clause: Limit one of each Pokémon
|rule|Item Clause: Limit 1 of each item
|clearpoke
|poke|p1|Gardevoir, L50, F, shiny|
|poke|p1|Maushold-Four, L50|
|poke|p1|Talonflame, L50, M, shiny|
|poke|p1|Garchomp, L50, M|
|poke|p1|Basculegion, L50, M|
|poke|p1|Kingambit, L50, M|
|poke|p2|Sneasler, L50, F|
|poke|p2|Pelipper, L50, M|
|poke|p2|Meganium, L50, M, shiny|
|poke|p2|Archaludon, L50, F, shiny|
|poke|p2|Aerodactyl, L50, M|
|poke|p2|Basculegion, L50, M|
|teampreview|4
|inactive|Battle timer is ON: inactive players will automatically lose when time's up. (requested by aroswing)
|
|t:|1776826984
|teamsize|p1|4
|teamsize|p2|4
|start
|switch|p1a: Gardevoir|Gardevoir, L50, F, shiny|100/100
|switch|p1b: Maushold|Maushold-Four, L50|100/100
|switch|p2a: Sneasler|Sneasler, L50, F|100/100
|switch|p2b: Meganium|Meganium, L50, M, shiny|100/100
|turn|1
|
|t:|1776827006
|detailschange|p2b: Meganium|Meganium-Mega, L50, M, shiny
|-mega|p2b: Meganium|Meganium|Meganiumite
|detailschange|p1a: Gardevoir|Gardevoir-Mega, L50, F, shiny
|-mega|p1a: Gardevoir|Gardevoir|Gardevoirite
|move|p1b: Maushold|Protect|p1b: Maushold
|-singleturn|p1b: Maushold|Protect
|move|p1a: Gardevoir|Protect|p1a: Gardevoir
|-singleturn|p1a: Gardevoir|Protect
|move|p2a: Sneasler|Fake Out|p1a: Gardevoir
|-activate|p1a: Gardevoir|move: Protect
|move|p2b: Meganium|Solar Beam||[still]
|-prepare|p2b: Meganium|Solar Beam
|-activate|p2b: Meganium|ability: Mega Sol
|-anim|p2b: Meganium|Solar Beam|p1b: Maushold
|-activate|p1b: Maushold|move: Protect
|
|upkeep
|turn|2
|
|t:|1776827027
|move|p2a: Sneasler|Protect|p2a: Sneasler
|-singleturn|p2a: Sneasler|Protect
|move|p1b: Maushold|Follow Me|p1b: Maushold
|-singleturn|p1b: Maushold|move: Follow Me
|move|p1a: Gardevoir|Psyshock|p2a: Sneasler
|-activate|p2a: Sneasler|move: Protect
|move|p2b: Meganium|Solar Beam||[still]
|-prepare|p2b: Meganium|Solar Beam
|-activate|p2b: Meganium|ability: Mega Sol
|-anim|p2b: Meganium|Solar Beam|p1b: Maushold
|-damage|p1b: Maushold|15/100
|
|upkeep
|turn|3
|
|t:|1776827045
|switch|p2a: Basculegion|Basculegion, L50, M|100/100
|move|p1b: Maushold|Follow Me|p1b: Maushold
|-singleturn|p1b: Maushold|move: Follow Me
|move|p1a: Gardevoir|Hyper Voice|p2a: Basculegion|[spread] p2a,p2b
|-damage|p2a: Basculegion|37/100
|-damage|p2b: Meganium|58/100
|move|p2b: Meganium|Dazzling Gleam|p1b: Maushold|[spread] p1a,p1b
|-damage|p1a: Gardevoir|79/100
|-damage|p1b: Maushold|0 fnt
|faint|p1b: Maushold
|
|upkeep
|
|t:|1776827058
|switch|p1b: Talonflame|Talonflame, L50, M, shiny|100/100
|turn|4
|
|t:|1776827083
|move|p2a: Basculegion|Aqua Jet|p1b: Talonflame
|-supereffective|p1b: Talonflame|1
|-damage|p1b: Talonflame|23/100
|move|p1b: Talonflame|Tailwind|p1b: Talonflame
|-sidestart|p1: huanyu0.0|move: Tailwind
|move|p1a: Gardevoir|Hyper Voice|p2a: Basculegion|[spread] p2a,p2b
|-damage|p2a: Basculegion|0 fnt
|-damage|p2b: Meganium|16/100
|faint|p2a: Basculegion
|move|p2b: Meganium|Solar Beam||[still]
|-prepare|p2b: Meganium|Solar Beam
|-activate|p2b: Meganium|ability: Mega Sol
|-anim|p2b: Meganium|Solar Beam|p1a: Gardevoir
|-damage|p1a: Gardevoir|16/100
|
|upkeep
|
|t:|1776827102
|switch|p2a: Pelipper|Pelipper, L50, M|100/100
|-weather|RainDance|[from] ability: Drizzle|[of] p2a: Pelipper
|turn|5
|
|t:|1776827124
|move|p2b: Meganium|Protect|p2b: Meganium
|-singleturn|p2b: Meganium|Protect
|move|p1b: Talonflame|Acrobatics|p2a: Pelipper
|-damage|p2a: Pelipper|48/100
|move|p1a: Gardevoir|Psyshock|p2b: Meganium
|-activate|p2b: Meganium|move: Protect
|move|p2a: Pelipper|Weather Ball|p1a: Gardevoir
|-crit|p1a: Gardevoir
|-damage|p1a: Gardevoir|0 fnt
|faint|p1a: Gardevoir
|
|-weather|RainDance|[upkeep]
|upkeep
|
|t:|1776827136
|switch|p1a: Basculegion|Basculegion, L50, M|100/100
|turn|6
|
|t:|1776827146
|move|p1b: Talonflame|Acrobatics|p2a: Pelipper
|-damage|p2a: Pelipper|0 fnt
|faint|p2a: Pelipper
|move|p1a: Basculegion|Last Respects|p2b: Meganium
|-damage|p2b: Meganium|0 fnt
|faint|p2b: Meganium
|
|-weather|RainDance|[upkeep]
|upkeep
|-message|aroswing forfeited.
|
|win|huanyu0.0
|raw|huanyu0.0's rating: 1610 &rarr; <strong>1633</strong><br />(+23 for winning)
|raw|aroswing's rating: 1659 &rarr; <strong>1636</strong><br />(-23 for losing)
|l|☆aroswing
|player|p2|
|l|☆huanyu0.0
|player|p1|
