|j|☆megagenger2023
|j|☆Fuzis
|t:|1780390108
|gametype|doubles
|player|p1|megagenger2023|101|1907
|player|p2|Fuzis|karen|1954
|gen|9
|tier|[Gen 9 Champions] VGC 2026 Reg M-A
|rated|
|rule|Species Clause: Limit one of each Pokémon
|rule|Item Clause: Limit 1 of each item
|clearpoke
|poke|p1|Gengar, L50, M|
|poke|p1|Archaludon, L50, F|
|poke|p1|Politoed, L50, F|
|poke|p1|Incineroar, L50, M|
|poke|p1|Sinistcha-Masterpiece, L50|
|poke|p1|Froslass, L50, F|
|poke|p2|Blastoise, L50, M|
|poke|p2|Sinistcha-Masterpiece, L50|
|poke|p2|Incineroar, L50, M|
|poke|p2|Vivillon-Garden, L50, F|
|poke|p2|Garchomp, L50, M|
|poke|p2|Floette-Eternal, L50, F|
|teampreview|4
|inactive|Battle timer is ON: inactive players will automatically lose when time's up. (requested by Fuzis)
|
|t:|1780390138
|teamsize|p1|4
|teamsize|p2|4
|start
|switch|p1a: Gengar|Gengar, L50, M|100/100
|switch|p1b: Sinistcha|Sinistcha-Masterpiece, L50|100/100
|switch|p2a: Vivillon|Vivillon-Garden, L50, F|100/100
|switch|p2b: Blastoise|Blastoise, L50, M|100/100
|turn|1
|inactive|Fuzis has 30 seconds left.
|inactive|Fuzis has 20 seconds left.
|inactive|Fuzis has 15 seconds left.
|inactive|Fuzis has 10 seconds left.
|
|t:|1780390183
|detailschange|p1a: Gengar|Gengar-Mega, L50, M
|-mega|p1a: Gengar|Gengar|Gengarite
|detailschange|p2b: Blastoise|Blastoise-Mega, L50, M
|-mega|p2b: Blastoise|Blastoise|Blastoisinite
|move|p1b: Sinistcha|Rage Powder|p1b: Sinistcha
|-singleturn|p1b: Sinistcha|move: Rage Powder
|move|p1a: Gengar|Sludge Bomb|p2b: Blastoise
|-damage|p2b: Blastoise|48/100
|move|p2a: Vivillon|Hurricane|p1b: Sinistcha
|-supereffective|p1b: Sinistcha|1
|-damage|p1b: Sinistcha|10/100
|move|p2b: Blastoise|Water Spout|p1b: Sinistcha|[spread] p1a,p1b
|-resisted|p1b: Sinistcha|1
|-damage|p1a: Gengar|73/100
|-damage|p1b: Sinistcha|0 fnt
|faint|p1b: Sinistcha
|
|upkeep
|
|t:|1780390206
|switch|p1b: Incineroar|Incineroar, L50, M|100/100
|-ability|p1b: Incineroar|Intimidate|boost
|-unboost|p2a: Vivillon|atk|1
|-unboost|p2b: Blastoise|atk|1
|turn|2
|
|t:|1780390229
|move|p1b: Incineroar|Fake Out|p2a: Vivillon
|-damage|p2a: Vivillon|79/100
|move|p1a: Gengar|Sludge Bomb|p2b: Blastoise
|-damage|p2b: Blastoise|0 fnt
|faint|p2b: Blastoise
|cant|p2a: Vivillon|flinch
|
|upkeep
|
|t:|1780390241
|switch|p2b: Sinistcha|Sinistcha-Masterpiece, L50|100/100
|-heal|p2a: Vivillon|100/100|[from] ability: Hospitality|[of] p2b: Sinistcha
|turn|3
|inactive|megagenger2023 has 30 seconds left.
|
|t:|1780390273
|move|p2b: Sinistcha|Rage Powder|p2b: Sinistcha
|-singleturn|p2b: Sinistcha|move: Rage Powder
|move|p1a: Gengar|Shadow Ball|p2b: Sinistcha
|-supereffective|p2b: Sinistcha|1
|-damage|p2b: Sinistcha|10/100
|-enditem|p2b: Sinistcha|Sitrus Berry|[eat]
|-heal|p2b: Sinistcha|35/100|[from] item: Sitrus Berry
|move|p2a: Vivillon|Sleep Powder|p1a: Gengar
|-status|p1a: Gengar|slp|[from] move: Sleep Powder
|move|p1b: Incineroar|Flare Blitz|p2b: Sinistcha
|-supereffective|p2b: Sinistcha|1
|-crit|p2b: Sinistcha
|-damage|p2b: Sinistcha|0 fnt
|faint|p2b: Sinistcha
|-damage|p1b: Incineroar|90/100|[from] Recoil
|
|upkeep
|
|t:|1780390284
|switch|p2b: Incineroar|Incineroar, L50, M|100/100
|-ability|p2b: Incineroar|Intimidate|boost
|-unboost|p1a: Gengar|atk|1
|-unboost|p1b: Incineroar|atk|1
|turn|4
|inactive|megagenger2023 has 30 seconds left.
|
|t:|1780390319
|switch|p1a: Politoed|Politoed, L50, F|100/100
|-weather|RainDance|[from] ability: Drizzle|[of] p1a: Politoed
|move|p2a: Vivillon|Sleep Powder|p1b: Incineroar
|-status|p1b: Incineroar|slp|[from] move: Sleep Powder
|move|p2b: Incineroar|Throat Chop|p1a: Politoed
|-damage|p1a: Politoed|70/100
|-start|p1a: Politoed|Throat Chop|[silent]
|cant|p1b: Incineroar|slp
|
|-weather|RainDance|[upkeep]
|upkeep
|turn|5
|inactive|Fuzis has 30 seconds left.
|
|t:|1780390346
|move|p1a: Politoed|Protect|p1a: Politoed
|-singleturn|p1a: Politoed|Protect
|move|p2a: Vivillon|Hurricane|p1b: Incineroar
|-crit|p1b: Incineroar
|-damage|p1b: Incineroar|42/100 slp
|move|p2b: Incineroar|Throat Chop|p1a: Politoed
|-activate|p1a: Politoed|move: Protect
|cant|p1b: Incineroar|slp
|
|-weather|RainDance|[upkeep]
|-end|p1a: Politoed|Throat Chop|[silent]
|upkeep
|turn|6
|inactive|megagenger2023 has 30 seconds left.
|
|t:|1780390374
|move|p2a: Vivillon|Sleep Powder|p1a: Politoed
|-status|p1a: Politoed|slp|[from] move: Sleep Powder
|cant|p1a: Politoed|slp
|move|p2b: Incineroar|Throat Chop|p1b: Incineroar
|-resisted|p1b: Incineroar|1
|-damage|p1b: Incineroar|29/100 slp
|-start|p1b: Incineroar|Throat Chop|[silent]
|-curestatus|p1b: Incineroar|slp|[msg]
|cant|p1b: Incineroar|move: Throat Chop
|
|-weather|RainDance|[upkeep]
|upkeep
|turn|7
|inactive|megagenger2023 has 30 seconds left.
|inactive|Fuzis has 30 seconds left.
|inactive|Fuzis has 20 seconds left.
|inactive|Fuzis has 15 seconds left.
|
|t:|1780390417
|move|p1b: Incineroar|Protect|p1b: Incineroar
|-singleturn|p1b: Incineroar|Protect
|move|p2a: Vivillon|Hurricane|p1b: Incineroar
|-activate|p1b: Incineroar|move: Protect
|cant|p1a: Politoed|slp
|move|p2b: Incineroar|Throat Chop|p1a: Politoed
|-damage|p1a: Politoed|40/100 slp
|-start|p1a: Politoed|Throat Chop|[silent]
|-enditem|p1a: Politoed|Sitrus Berry|[eat]
|-heal|p1a: Politoed|65/100 slp|[from] item: Sitrus Berry
|
|-weather|RainDance|[upkeep]
|-end|p1b: Incineroar|Throat Chop|[silent]
|upkeep
|turn|8
|inactive|megagenger2023 has 30 seconds left.
|inactive|megagenger2023 has 20 seconds left.
|
|t:|1780390452
|switch|p1b: Gengar|Gengar-Mega, L50, M|73/100 slp
|move|p2a: Vivillon|Hurricane|p1b: Gengar
|-damage|p1b: Gengar|29/100 slp
|-curestatus|p1a: Politoed|slp|[msg]
|move|p1a: Politoed|Weather Ball|p2b: Incineroar
|-supereffective|p2b: Incineroar|1
|-damage|p2b: Incineroar|24/100
|move|p2b: Incineroar|Throat Chop|p1a: Politoed
|-crit|p1a: Politoed
|-damage|p1a: Politoed|24/100
|
|-weather|none
|-heal|p2b: Incineroar|30/100|[from] item: Leftovers
|-end|p1a: Politoed|Throat Chop|[silent]
|upkeep
|turn|9
|inactive|megagenger2023 has 30 seconds left.
|inactive|Fuzis has 30 seconds left.
|inactive|Fuzis has 20 seconds left.
|inactive|Fuzis has 15 seconds left.
|inactive|Fuzis has 10 seconds left.
|
|t:|1780390498
|switch|p1a: Incineroar|Incineroar, L50, M|29/100
|-ability|p1a: Incineroar|Intimidate|boost
|-unboost|p2a: Vivillon|atk|1
|-unboost|p2b: Incineroar|atk|1
|cant|p1b: Gengar|slp
|move|p2a: Vivillon|Hurricane|p1b: Gengar
|-damage|p1b: Gengar|0 fnt
|faint|p1b: Gengar
|move|p2b: Incineroar|Throat Chop|p1a: Incineroar
|-resisted|p1a: Incineroar|1
|-damage|p1a: Incineroar|20/100y
|-start|p1a: Incineroar|Throat Chop|[silent]
|
|-heal|p2b: Incineroar|36/100|[from] item: Leftovers
|upkeep
|
|t:|1780390509
|switch|p1b: Politoed|Politoed, L50, F|24/100
|-weather|RainDance|[from] ability: Drizzle|[of] p1b: Politoed
|turn|10
|
|t:|1780390523
|move|p2a: Vivillon|Protect|p2a: Vivillon
|-singleturn|p2a: Vivillon|Protect
|move|p1a: Incineroar|Fake Out|p2a: Vivillon
|-activate|p2a: Vivillon|move: Protect
|move|p1b: Politoed|Weather Ball|p2b: Incineroar
|-supereffective|p2b: Incineroar|1
|-damage|p2b: Incineroar|0 fnt
|faint|p2b: Incineroar
|
|-weather|RainDance|[upkeep]
|-end|p1a: Incineroar|Throat Chop|[silent]
|upkeep
|turn|11
|inactive|megagenger2023 has 30 seconds left.
|
|t:|1780390549
|move|p1b: Politoed|Protect|p1b: Politoed
|-singleturn|p1b: Politoed|Protect
|move|p2a: Vivillon|Hurricane|p1b: Politoed
|-activate|p1b: Politoed|move: Protect
|move|p1a: Incineroar|Flare Blitz|p2a: Vivillon
|-supereffective|p2a: Vivillon|1
|-damage|p2a: Vivillon|10/100
|-status|p2a: Vivillon|brn
|-damage|p1a: Incineroar|0 fnt|[from] Recoil
|faint|p1a: Incineroar
|
|-weather|RainDance|[upkeep]
|-damage|p2a: Vivillon|5/100 brn|[from] brn
|upkeep
|turn|12
|
|t:|1780390561
|move|p1b: Politoed|Protect||[still]
|-fail|p1b: Politoed
|move|p2a: Vivillon|Hurricane|p1b: Politoed
|-damage|p1b: Politoed|0 fnt
|faint|p1b: Politoed
|
|win|Fuzis
|raw|megagenger2023's rating: 1907 &rarr; <strong>1890</strong><br />(-17 for losing)
|raw|Fuzis's rating: 1954 &rarr; <strong>1971</strong><br />(+17 for winning)
|l|☆megagenger2023
|player|p1|
|l|☆Fuzis
|player|p2|
