|j|☆Rei Lc1
|j|☆speedyturtle87
|t:|1777014432
|gametype|doubles
|player|p1|Rei Lc1|ethan|1703
|player|p2|speedyturtle87|canari|1617
|gen|9
|tier|[Gen 9 Champions] VGC 2026 Reg M-A
|rated|
|rule|Species Clause: Limit one of each Pokémon
|rule|Item Clause: Limit 1 of each item
|clearpoke
|poke|p1|Charizard, L50, M, shiny|
|poke|p1|Whimsicott, L50, F, shiny|
|poke|p1|Garchomp, L50, M, shiny|
|poke|p1|Sneasler, L50, M|
|poke|p1|Kingambit, L50, M|
|poke|p1|Rotom-Wash, L50, shiny|
|poke|p2|Milotic, L50, M|
|poke|p2|Meganium, L50, M|
|poke|p2|Sneasler, L50, M|
|poke|p2|Kingambit, L50, F|
|poke|p2|Talonflame, L50, M|
|poke|p2|Garchomp, L50, M|
|teampreview|4
|inactive|Battle timer is ON: inactive players will automatically lose when time's up. (requested by speedyturtle87)
|inactive|Rei Lc1 has 60 seconds left.
|inactive|speedyturtle87 has 60 seconds left.
|
|t:|1777014485
|teamsize|p1|4
|teamsize|p2|4
|start
|switch|p1a: Garchomp|Garchomp, L50, M, shiny|100/100
|switch|p1b: Rotom|Rotom-Wash, L50, shiny|100/100
|switch|p2a: Garchomp|Garchomp, L50, M|100/100
|switch|p2b: Talonflame|Talonflame, L50, M|100/100
|turn|1
|j| sbpkshowdown
|
|t:|1777014509
|switch|p2a: Meganium|Meganium, L50, M|100/100
|move|p2b: Talonflame|Protect|p2b: Talonflame
|-singleturn|p2b: Talonflame|Protect
|move|p1b: Rotom|Volt Switch|p2b: Talonflame
|-activate|p2b: Talonflame|move: Protect
|move|p1a: Garchomp|Dragon Claw|p2a: Meganium
|-damage|p2a: Meganium|60/100
|
|upkeep
|turn|2
|
|t:|1777014530
|switch|p2b: Garchomp|Garchomp, L50, M|100/100
|switch|p1a: Charizard|Charizard, L50, M, shiny|100/100
|detailschange|p2a: Meganium|Meganium-Mega, L50, M
|-mega|p2a: Meganium|Meganium|Meganiumite
|move|p1b: Rotom|Volt Switch|p2b: Garchomp
|-immune|p2b: Garchomp
|move|p2a: Meganium|Dazzling Gleam|p1a: Charizard|[spread] p1a,p1b
|-resisted|p1a: Charizard|1
|-damage|p1a: Charizard|82/100
|-damage|p1b: Rotom|58/100
|
|upkeep
|turn|3
|
|t:|1777014545
|move|p1a: Charizard|Protect|p1a: Charizard
|-singleturn|p1a: Charizard|Protect
|move|p2b: Garchomp|Rock Slide|p1b: Rotom|[spread] p1b
|-activate|p1a: Charizard|move: Protect
|-damage|p1b: Rotom|28/100
|cant|p1b: Rotom|flinch
|move|p2a: Meganium|Dazzling Gleam|p1b: Rotom|[spread] p1b
|-activate|p1a: Charizard|move: Protect
|-damage|p1b: Rotom|0 fnt
|faint|p1b: Rotom
|
|upkeep
|
|t:|1777014562
|switch|p1b: Whimsicott|Whimsicott, L50, F, shiny|100/100
|turn|4
|inactive|Rei Lc1 has 30 seconds left.
|inactive|Rei Lc1 has 20 seconds left.
|
|t:|1777014600
|switch|p1a: Garchomp|Garchomp, L50, M, shiny|100/100
|switch|p2a: Sneasler|Sneasler, L50, M|100/100
|move|p2b: Garchomp|Rock Slide|p1a: Garchomp|[spread] p1a,p1b
|-resisted|p1a: Garchomp|1
|-damage|p1a: Garchomp|90/100
|-damage|p1b: Whimsicott|70/100
|move|p1b: Whimsicott|Moonblast|p2b: Garchomp
|-supereffective|p2b: Garchomp|1
|-damage|p2b: Garchomp|23/100
|
|upkeep
|turn|5
|j| Xheadhonchkrow
|
|t:|1777014616
|switch|p2b: Talonflame|Talonflame, L50, M|100/100
|move|p1b: Whimsicott|Protect|p1b: Whimsicott
|-singleturn|p1b: Whimsicott|Protect
|move|p1a: Garchomp|Protect|p1a: Garchomp
|-singleturn|p1a: Garchomp|Protect
|move|p2a: Sneasler|Fake Out|p1a: Garchomp
|-activate|p1a: Garchomp|move: Protect
|
|upkeep
|turn|6
|
|t:|1777014627
|move|p2b: Talonflame|Acrobatics|p1b: Whimsicott
|-supereffective|p1b: Whimsicott|1
|-damage|p1b: Whimsicott|0 fnt
|faint|p1b: Whimsicott
|move|p2a: Sneasler|Close Combat|p1a: Garchomp
|-damage|p1a: Garchomp|28/100
|-unboost|p2a: Sneasler|def|1
|-unboost|p2a: Sneasler|spd|1
|-damage|p2a: Sneasler|88/100|[from] ability: Rough Skin|[of] p1a: Garchomp
|-enditem|p2a: Sneasler|White Herb
|-clearnegativeboost|p2a: Sneasler|[silent]
|move|p1a: Garchomp|Rock Slide|p2b: Talonflame|[spread] p2a,p2b
|-resisted|p2a: Sneasler|1
|-supereffective|p2b: Talonflame|2
|-damage|p2a: Sneasler|71/100
|-damage|p2b: Talonflame|0 fnt
|faint|p2b: Talonflame
|
|upkeep
|
|t:|1777014642
|switch|p2b: Garchomp|Garchomp, L50, M|23/100
|switch|p1b: Charizard|Charizard, L50, M, shiny|82/100
|turn|7
|j| khg3144
|inactive|Rei Lc1 has 30 seconds left.
|
|t:|1777014674
|detailschange|p1b: Charizard|Charizard-Mega-Y, L50, M, shiny
|-mega|p1b: Charizard|Charizard|Charizardite Y
|-weather|SunnyDay|[from] ability: Drought|[of] p1b: Charizard
|move|p2a: Sneasler|Close Combat|p1a: Garchomp
|-damage|p1a: Garchomp|0 fnt
|-unboost|p2a: Sneasler|def|1
|-unboost|p2a: Sneasler|spd|1
|-damage|p2a: Sneasler|59/100|[from] ability: Rough Skin|[of] p1a: Garchomp
|faint|p1a: Garchomp
|move|p2b: Garchomp|Rock Slide|p1b: Charizard
|-supereffective|p1b: Charizard|2
|-damage|p1b: Charizard|0 fnt
|faint|p1b: Charizard
|
|win|speedyturtle87
|raw|Rei Lc1's rating: 1703 &rarr; <strong>1678</strong><br />(-25 for losing)
|raw|speedyturtle87's rating: 1617 &rarr; <strong>1642</strong><br />(+25 for winning)
|c|☆speedyturtle87|ggwp
|l|☆Rei Lc1
|player|p1|
|l|☆speedyturtle87
|player|p2|
|l| Xheadhonchkrow
|l| khg3144
