|j|☆Marspiter
|j|☆Rei Lc1
|t:|1776964218
|gametype|doubles
|player|p1|Marspiter|steven|1737
|player|p2|Rei Lc1|ethan|1674
|gen|9
|tier|[Gen 9 Champions] VGC 2026 Reg M-A
|rated|
|rule|Species Clause: Limit one of each Pokémon
|rule|Item Clause: Limit 1 of each item
|clearpoke
|poke|p1|Scizor, L50, F|
|poke|p1|Incineroar, L50, F|
|poke|p1|Basculegion, L50, M|
|poke|p1|Pelipper, L50, F|
|poke|p1|Dragonite, L50, F|
|poke|p1|Archaludon, L50, M|
|poke|p2|Charizard, L50, M, shiny|
|poke|p2|Whimsicott, L50, F, shiny|
|poke|p2|Garchomp, L50, M, shiny|
|poke|p2|Sneasler, L50, M|
|poke|p2|Kingambit, L50, M|
|poke|p2|Rotom-Wash, L50, shiny|
|teampreview|4
|inactive|Battle timer is ON: inactive players will automatically lose when time's up. (requested by Rei Lc1)
|
|t:|1776964245
|teamsize|p1|4
|teamsize|p2|4
|start
|switch|p1a: Dragonite|Dragonite, L50, F|100/100
|switch|p1b: Basculegion|Basculegion, L50, M|100/100
|switch|p2a: Rotom|Rotom-Wash, L50, shiny|100/100
|switch|p2b: Garchomp|Garchomp, L50, M, shiny|100/100
|turn|1
|
|t:|1776964259
|switch|p1b: Archaludon|Archaludon, L50, M|100/100
|move|p1a: Dragonite|Protect|p1a: Dragonite
|-singleturn|p1a: Dragonite|Protect
|move|p2a: Rotom|Electroweb|p1a: Dragonite|[spread] p1b
|-activate|p1a: Dragonite|move: Protect
|-resisted|p1b: Archaludon|1
|-damage|p1b: Archaludon|90/100
|-unboost|p1b: Archaludon|spe|1
|-ability|p1b: Archaludon|Stamina|boost
|-boost|p1b: Archaludon|def|1
|move|p2b: Garchomp|Dragon Claw|p1a: Dragonite
|-activate|p1a: Dragonite|move: Protect
|
|upkeep
|turn|2
|inactive|Rei Lc1 has 30 seconds left.
|j| GentleH
|inactive|Rei Lc1 has 20 seconds left.
|inactive|Rei Lc1 has 15 seconds left.
|l| GentleH
|inactive|Rei Lc1 has 10 seconds left.
|inactive|Rei Lc1 has 5 seconds left.
|
|t:|1776964313
|switch|p2b: Whimsicott|Whimsicott, L50, F, shiny|100/100
|detailschange|p1a: Dragonite|Dragonite-Mega, L50, F
|-mega|p1a: Dragonite|Dragonite|Dragoninite
|move|p2a: Rotom|Electroweb|p1b: Archaludon|[spread] p1a,p1b
|-resisted|p1b: Archaludon|1
|-damage|p1a: Dragonite|93/100
|-damage|p1b: Archaludon|79/100
|-unboost|p1a: Dragonite|spe|1
|-unboost|p1b: Archaludon|spe|1
|-ability|p1b: Archaludon|Stamina|boost
|-boost|p1b: Archaludon|def|1
|move|p1a: Dragonite|Draco Meteor|p2b: Whimsicott
|-immune|p2b: Whimsicott
|move|p1b: Archaludon|Dragon Pulse|p2b: Whimsicott
|-immune|p2b: Whimsicott
|
|upkeep
|turn|3
|inactive|Rei Lc1 has 30 seconds left.
|
|t:|1776964339
|move|p2a: Rotom|Electroweb|p1a: Dragonite|[spread] p1a,p1b
|-resisted|p1b: Archaludon|1
|-damage|p1a: Dragonite|79/100
|-damage|p1b: Archaludon|69/100
|-unboost|p1a: Dragonite|spe|1
|-unboost|p1b: Archaludon|spe|1
|-ability|p1b: Archaludon|Stamina|boost
|-boost|p1b: Archaludon|def|1
|move|p2b: Whimsicott|Moonblast|p1a: Dragonite
|-supereffective|p1a: Dragonite|1
|-crit|p1a: Dragonite
|-damage|p1a: Dragonite|0 fnt
|faint|p1a: Dragonite
|move|p1b: Archaludon|Aura Sphere|p2b: Whimsicott
|-resisted|p2b: Whimsicott|1
|-damage|p2b: Whimsicott|80/100
|
|upkeep
|
|t:|1776964354
|switch|p1a: Pelipper|Pelipper, L50, F|100/100
|-weather|RainDance|[from] ability: Drizzle|[of] p1a: Pelipper
|turn|4
|
|t:|1776964363
|move|p1a: Pelipper|Wide Guard|p1a: Pelipper
|-singleturn|p1a: Pelipper|Wide Guard
|move|p2b: Whimsicott|Encore|p1b: Archaludon
|-start|p1b: Archaludon|Encore
|move|p2a: Rotom|Electroweb|p1b: Archaludon|[spread] 
|-activate|p1a: Pelipper|move: Wide Guard
|-activate|p1b: Archaludon|move: Wide Guard
|move|p1b: Archaludon|Aura Sphere|p2a: Rotom
|-damage|p2a: Rotom|69/100
|
|-weather|RainDance|[upkeep]
|upkeep
|turn|5
|
|t:|1776964385
|move|p2a: Rotom|Electroweb|p1b: Archaludon|[spread] p1a,p1b
|-supereffective|p1a: Pelipper|2
|-resisted|p1b: Archaludon|1
|-damage|p1a: Pelipper|3/100
|-damage|p1b: Archaludon|57/100
|-unboost|p1a: Pelipper|spe|1
|-unboost|p1b: Archaludon|spe|1
|-ability|p1b: Archaludon|Stamina|boost
|-boost|p1b: Archaludon|def|1
|move|p2b: Whimsicott|Moonblast|p1b: Archaludon
|-damage|p1b: Archaludon|13/100
|-ability|p1b: Archaludon|Stamina|boost
|-boost|p1b: Archaludon|def|1
|move|p1a: Pelipper|Tailwind|p1a: Pelipper
|-sidestart|p1: Marspiter|move: Tailwind
|move|p1b: Archaludon|Aura Sphere|p2a: Rotom
|-damage|p2a: Rotom|38/100
|
|-weather|RainDance|[upkeep]
|upkeep
|turn|6
|j| SUmmBoom
|j| zariganiman
|
|t:|1776964405
|switch|p2a: Garchomp|Garchomp, L50, M, shiny|100/100
|move|p2b: Whimsicott|Moonblast|p1a: Pelipper
|-damage|p1a: Pelipper|0 fnt
|faint|p1a: Pelipper
|move|p1b: Archaludon|Aura Sphere|p2a: Garchomp
|-damage|p2a: Garchomp|75/100
|
|-weather|RainDance|[upkeep]
|-end|p1b: Archaludon|Encore
|upkeep
|l| zariganiman
|
|t:|1776964415
|switch|p1a: Basculegion|Basculegion, L50, M|100/100
|turn|7
|
|t:|1776964434
|move|p2b: Whimsicott|Encore|p1b: Archaludon
|-start|p1b: Archaludon|Encore
|move|p1a: Basculegion|Last Respects|p2b: Whimsicott
|-damage|p2b: Whimsicott|0 fnt
|faint|p2b: Whimsicott
|move|p2a: Garchomp|Earthquake|p1a: Basculegion|[spread] p1a,p1b
|-supereffective|p1b: Archaludon|1
|-damage|p1a: Basculegion|44/100
|-damage|p1b: Archaludon|0 fnt
|faint|p1b: Archaludon
|
|-weather|RainDance|[upkeep]
|upkeep
|j| whistlejacket17
|
|t:|1776964443
|switch|p2b: Charizard|Charizard, L50, M, shiny|100/100
|turn|8
|
|t:|1776964447
|detailschange|p2b: Charizard|Charizard-Mega-Y, L50, M, shiny
|-mega|p2b: Charizard|Charizard|Charizardite Y
|-weather|SunnyDay|[from] ability: Drought|[of] p2b: Charizard
|move|p1a: Basculegion|Last Respects|p2b: Charizard
|-damage|p2b: Charizard|0 fnt
|faint|p2b: Charizard
|move|p2a: Garchomp|Dragon Claw|p1a: Basculegion
|-damage|p1a: Basculegion|0 fnt
|faint|p1a: Basculegion
|
|win|Rei Lc1
|raw|Marspiter's rating: 1737 &rarr; <strong>1713</strong><br />(-24 for losing)
|raw|Rei Lc1's rating: 1674 &rarr; <strong>1698</strong><br />(+24 for winning)
|l|☆Marspiter
|player|p1|
|l|☆Rei Lc1
|player|p2|
|l| whistlejacket17
