|j|☆megagenger2023
|j|☆JasonVGC2026D
|t:|1780226865
|gametype|doubles
|player|p1|megagenger2023|170|1943
|player|p2|JasonVGC2026D|101|1862
|gen|9
|tier|[Gen 9 Champions] VGC 2026 Reg M-A
|rated|
|rule|Species Clause: Limit one of each Pokémon
|rule|Item Clause: Limit 1 of each item
|clearpoke
|poke|p1|Gengar, L50, F|
|poke|p1|Archaludon, L50, M|
|poke|p1|Politoed, L50, F|
|poke|p1|Incineroar, L50, F|
|poke|p1|Sinistcha-Masterpiece, L50|
|poke|p1|Froslass, L50, F|
|poke|p2|Aerodactyl, L50, F|
|poke|p2|Incineroar, L50, M|
|poke|p2|Sylveon, L50, F, shiny|
|poke|p2|Basculegion, L50, M|
|poke|p2|Venusaur, L50, F|
|poke|p2|Kommo-o, L50, F|
|teampreview|4
|inactive|Battle timer is ON: inactive players will automatically lose when time's up. (requested by JasonVGC2026D)
|inactive|megagenger2023 has 60 seconds left.
|
|t:|1780226915
|teamsize|p1|4
|teamsize|p2|4
|start
|switch|p1a: Gengar|Gengar, L50, F|100/100
|switch|p1b: Politoed|Politoed, L50, F|100/100
|switch|p2a: Venusaur|Venusaur, L50, F|100/100
|switch|p2b: Kommo-o|Kommo-o, L50, F|100/100
|-weather|RainDance|[from] ability: Drizzle|[of] p1b: Politoed
|turn|1
|j| Claarity
|
|t:|1780226937
|detailschange|p1a: Gengar|Gengar-Mega, L50, F
|-mega|p1a: Gengar|Gengar|Gengarite
|detailschange|p2a: Venusaur|Venusaur-Mega, L50, F
|-mega|p2a: Venusaur|Venusaur|Venusaurite
|move|p1a: Gengar|Sludge Bomb|p2b: Kommo-o
|-damage|p2b: Kommo-o|50/100y
|move|p2b: Kommo-o|Clangorous Soul|p2b: Kommo-o
|-boost|p2b: Kommo-o|atk|1
|-boost|p2b: Kommo-o|def|1
|-boost|p2b: Kommo-o|spa|1
|-boost|p2b: Kommo-o|spd|1
|-boost|p2b: Kommo-o|spe|1
|-damage|p2b: Kommo-o|17/100
|move|p2a: Venusaur|Earth Power|p1a: Gengar
|-supereffective|p1a: Gengar|1
|-damage|p1a: Gengar|35/100
|move|p1b: Politoed|Hypnosis|p2b: Kommo-o|[miss]
|-miss|p1b: Politoed|p2b: Kommo-o
|
|-weather|RainDance|[upkeep]
|-heal|p2b: Kommo-o|23/100|[from] item: Leftovers
|upkeep
|turn|2
|j| Kylen33
|inactive|megagenger2023 has 30 seconds left.
|inactive|megagenger2023 has 20 seconds left.
|inactive|megagenger2023 has 15 seconds left.
|inactive|megagenger2023 has 10 seconds left.
|
|t:|1780226983
|move|p2b: Kommo-o|Protect|p2b: Kommo-o
|-singleturn|p2b: Kommo-o|Protect
|move|p1a: Gengar|Protect|p1a: Gengar
|-singleturn|p1a: Gengar|Protect
|move|p2a: Venusaur|Giga Drain|p1b: Politoed
|-supereffective|p1b: Politoed|1
|-damage|p1b: Politoed|40/100
|-enditem|p1b: Politoed|Sitrus Berry|[eat]
|-heal|p1b: Politoed|65/100|[from] item: Sitrus Berry
|move|p1b: Politoed|Hypnosis|p2a: Venusaur
|-status|p2a: Venusaur|slp|[from] move: Hypnosis
|
|-weather|RainDance|[upkeep]
|-heal|p2b: Kommo-o|29/100|[from] item: Leftovers
|upkeep
|turn|3
|
|t:|1780227002
|switch|p1a: Archaludon|Archaludon, L50, M|100/100
|move|p2b: Kommo-o|Clanging Scales|p1b: Politoed|[spread] p1a,p1b
|-damage|p1a: Archaludon|54/100
|-damage|p1b: Politoed|33/100
|-ability|p1a: Archaludon|Stamina|boost
|-boost|p1a: Archaludon|def|1
|-unboost|p2b: Kommo-o|def|1
|cant|p2a: Venusaur|slp
|move|p1b: Politoed|Hypnosis|p2b: Kommo-o|[miss]
|-miss|p1b: Politoed|p2b: Kommo-o
|
|-weather|RainDance|[upkeep]
|-heal|p2b: Kommo-o|35/100|[from] item: Leftovers
|-heal|p1a: Archaludon|60/100|[from] item: Leftovers
|upkeep
|turn|4
|inactive|megagenger2023 has 30 seconds left.
|
|t:|1780227031
|move|p2b: Kommo-o|Protect|p2b: Kommo-o
|-singleturn|p2b: Kommo-o|Protect
|move|p1a: Archaludon|Electro Shot||[still]
|-prepare|p1a: Archaludon|Electro Shot
|-boost|p1a: Archaludon|spa|1
|-anim|p1a: Archaludon|Electro Shot|p2a: Venusaur
|-resisted|p2a: Venusaur|1
|-damage|p2a: Venusaur|73/100 slp
|-curestatus|p2a: Venusaur|slp|[msg]
|move|p2a: Venusaur|Giga Drain|p1b: Politoed
|-supereffective|p1b: Politoed|1
|-damage|p1b: Politoed|0 fnt
|-heal|p2a: Venusaur|92/100|[from] drain|[of] p1b: Politoed
|faint|p1b: Politoed
|
|-weather|RainDance|[upkeep]
|-heal|p2b: Kommo-o|42/100|[from] item: Leftovers
|-heal|p1a: Archaludon|66/100|[from] item: Leftovers
|upkeep
|c| Kylen33|Kommo o is soundproof?
|
|t:|1780227035
|switch|p1b: Gengar|Gengar-Mega, L50, F|35/100
|turn|5
|
|t:|1780227053
|move|p1a: Archaludon|Protect|p1a: Archaludon
|-singleturn|p1a: Archaludon|Protect
|move|p2b: Kommo-o|Clanging Scales|p1b: Gengar|[spread] p1b
|-activate|p1a: Archaludon|move: Protect
|-damage|p1b: Gengar|0 fnt
|faint|p1b: Gengar
|-unboost|p2b: Kommo-o|def|1
|move|p2a: Venusaur|Earth Power|p1a: Archaludon
|-activate|p1a: Archaludon|move: Protect
|
|-weather|none
|-heal|p2b: Kommo-o|48/100|[from] item: Leftovers
|-heal|p1a: Archaludon|72/100|[from] item: Leftovers
|upkeep
|
|t:|1780227060
|switch|p1b: Froslass|Froslass, L50, F|100/100
|turn|6
|-message|megagenger2023 forfeited.
|
|win|JasonVGC2026D
|raw|megagenger2023's rating: 1943 &rarr; <strong>1918</strong><br />(-25 for losing)
|raw|JasonVGC2026D's rating: 1862 &rarr; <strong>1887</strong><br />(+25 for winning)
|l|☆megagenger2023
|player|p1|
|l| Claarity
|l|☆JasonVGC2026D
|player|p2|
|l| Kylen33
