|j|☆Pa7mmm
|j|☆0-10drop
|t:|1779783296
|gametype|doubles
|player|p1|Pa7mmm|170|1905
|player|p2|0-10drop|1|1902
|gen|9
|tier|[Gen 9 Champions] VGC 2026 Reg M-A
|rated|
|rule|Species Clause: Limit one of each Pokémon
|rule|Item Clause: Limit 1 of each item
|clearpoke
|poke|p1|Basculegion, L50, M|
|poke|p1|Floette-Eternal, L50, F|
|poke|p1|Corviknight, L50, M|
|poke|p1|Sinistcha, L50|
|poke|p1|Tyranitar, L50, M|
|poke|p1|Incineroar, L50, F|
|poke|p2|Gyarados, L50, F|
|poke|p2|Kangaskhan, L50, F|
|poke|p2|Scovillain, L50, F|
|poke|p2|Tyranitar, L50, M|
|poke|p2|Excadrill, L50, M|
|poke|p2|Farigiraf, L50, F|
|teampreview|4
|inactive|Battle timer is ON: inactive players will automatically lose when time's up. (requested by 0-10drop)
|inactive|Pa7mmm also wants the timer to be on.
|inactive|Pa7mmm has 60 seconds left.
|inactive|0-10drop has 60 seconds left.
|
|t:|1779783345
|teamsize|p1|4
|teamsize|p2|4
|start
|switch|p1a: Floette|Floette-Eternal, L50, F|100/100
|switch|p1b: Incineroar|Incineroar, L50, F|100/100
|switch|p2a: Scovillain|Scovillain, L50, F|100/100
|switch|p2b: Tyranitar|Tyranitar, L50, M|100/100
|-weather|Sandstorm|[from] ability: Sand Stream|[of] p2b: Tyranitar
|-ability|p1b: Incineroar|Intimidate|boost
|-unboost|p2a: Scovillain|atk|1
|-unboost|p2b: Tyranitar|atk|1
|turn|1
|
|t:|1779783356
|detailschange|p1a: Floette|Floette-Mega, L50, F
|-mega|p1a: Floette|Floette|Floettite
|-ability|p1a: Floette|Fairy Aura
|detailschange|p2a: Scovillain|Scovillain-Mega, L50, F
|-mega|p2a: Scovillain|Scovillain|Scovillainite
|move|p1b: Incineroar|Fake Out|p2b: Tyranitar
|-resisted|p2b: Tyranitar|1
|-damage|p2b: Tyranitar|94/100
|cant|p2b: Tyranitar|flinch
|move|p1a: Floette|Calm Mind|p1a: Floette
|-boost|p1a: Floette|spa|1
|-boost|p1a: Floette|spd|1
|move|p2a: Scovillain|Leech Seed|p1a: Floette
|-start|p1a: Floette|move: Leech Seed
|
|-weather|Sandstorm|[upkeep]
|-damage|p1a: Floette|93/100|[from] Sandstorm
|-damage|p2a: Scovillain|94/100|[from] Sandstorm
|-damage|p1b: Incineroar|93/100|[from] Sandstorm
|-damage|p1a: Floette|81/100|[from] Leech Seed|[of] p2a: Scovillain
|-heal|p2a: Scovillain|100/100|[silent]
|upkeep
|turn|2
|j| Yoyo0413
|inactive|0-10drop has 30 seconds left.
|
|t:|1779783382
|move|p2b: Tyranitar|Rock Slide|p1b: Incineroar|[spread] p1a,p1b
|-supereffective|p1b: Incineroar|1
|-damage|p1a: Floette|64/100
|-damage|p1b: Incineroar|59/100
|move|p1a: Floette|Calm Mind|p1a: Floette
|-boost|p1a: Floette|spa|1
|-boost|p1a: Floette|spd|1
|move|p2a: Scovillain|Overheat|p1a: Floette
|-damage|p1a: Floette|41/100
|-unboost|p2a: Scovillain|spa|2
|cant|p1b: Incineroar|flinch
|
|-weather|Sandstorm|[upkeep]
|-damage|p1a: Floette|35/100|[from] Sandstorm
|-damage|p2a: Scovillain|94/100|[from] Sandstorm
|-damage|p1b: Incineroar|53/100|[from] Sandstorm
|-damage|p1a: Floette|23/100|[from] Leech Seed|[of] p2a: Scovillain
|-heal|p2a: Scovillain|100/100|[silent]
|upkeep
|turn|3
|j| jyc991110
|
|t:|1779783398
|switch|p1b: Sinistcha|Sinistcha, L50|100/100
|-heal|p1a: Floette|48/100|[from] ability: Hospitality|[of] p1b: Sinistcha
|move|p2a: Scovillain|Rage Powder|p2a: Scovillain
|-singleturn|p2a: Scovillain|move: Rage Powder
|move|p2b: Tyranitar|Rock Slide|p1a: Floette|[spread] p1b
|-miss|p2b: Tyranitar|p1a: Floette
|-damage|p1b: Sinistcha|85/100
|move|p1a: Floette|Draining Kiss|p2a: Scovillain
|-resisted|p2a: Scovillain|1
|-damage|p2a: Scovillain|64/100
|-heal|p1a: Floette|73/100|[from] drain|[of] p2a: Scovillain
|-status|p1a: Floette|brn|[from] ability: Spicy Spray|[of] p2a: Scovillain
|
|-weather|Sandstorm|[upkeep]
|-damage|p1a: Floette|67/100 brn|[from] Sandstorm
|-damage|p2a: Scovillain|58/100|[from] Sandstorm
|-damage|p1b: Sinistcha|79/100|[from] Sandstorm
|-damage|p1a: Floette|55/100 brn|[from] Leech Seed|[of] p2a: Scovillain
|-heal|p2a: Scovillain|71/100|[silent]
|-damage|p1a: Floette|49/100 brn|[from] brn
|upkeep
|turn|4
|l| jyc991110
|
|t:|1779783416
|move|p2b: Tyranitar|Rock Slide|p1a: Floette|[spread] p1a,p1b
|-damage|p1a: Floette|30/100 brn
|-damage|p1b: Sinistcha|65/100
|cant|p1a: Floette|flinch
|move|p2a: Scovillain|Overheat|p1b: Sinistcha
|-supereffective|p1b: Sinistcha|1
|-damage|p1b: Sinistcha|0 fnt
|-unboost|p2a: Scovillain|spa|2
|faint|p1b: Sinistcha
|
|-weather|Sandstorm|[upkeep]
|-damage|p1a: Floette|24/100 brn|[from] Sandstorm
|-damage|p2a: Scovillain|65/100|[from] Sandstorm
|-damage|p1a: Floette|12/100 brn|[from] Leech Seed|[of] p2a: Scovillain
|-heal|p2a: Scovillain|78/100|[silent]
|-damage|p1a: Floette|6/100 brn|[from] brn
|upkeep
|
|t:|1779783424
|switch|p1b: Incineroar|Incineroar, L50, F|53/100
|-ability|p1b: Incineroar|Intimidate|boost
|-unboost|p2a: Scovillain|atk|1
|-unboost|p2b: Tyranitar|atk|1
|turn|5
|
|t:|1779783441
|switch|p2b: Excadrill|Excadrill, L50, M|100/100
|move|p2a: Scovillain|Protect|p2a: Scovillain
|-singleturn|p2a: Scovillain|Protect
|move|p1b: Incineroar|Fake Out|p2b: Excadrill
|-resisted|p2b: Excadrill|1
|-damage|p2b: Excadrill|92/100
|move|p1a: Floette|Draining Kiss|p2b: Excadrill
|-resisted|p2b: Excadrill|1
|-damage|p2b: Excadrill|39/100
|-heal|p1a: Floette|46/100 brn|[from] drain|[of] p2b: Excadrill
|
|-weather|none
|-damage|p1a: Floette|34/100 brn|[from] Leech Seed|[of] p2a: Scovillain
|-heal|p2a: Scovillain|91/100|[silent]
|-damage|p1a: Floette|28/100 brn|[from] brn
|upkeep
|turn|6
|
|t:|1779783455
|switch|p2a: Tyranitar|Tyranitar, L50, M|94/100
|-weather|Sandstorm|[from] ability: Sand Stream|[of] p2a: Tyranitar
|switch|p1b: Corviknight|Corviknight, L50, M|100/100
|move|p2b: Excadrill|Iron Head|p1a: Floette
|-supereffective|p1a: Floette|1
|-damage|p1a: Floette|0 fnt
|faint|p1a: Floette
|
|-weather|Sandstorm|[upkeep]
|upkeep
|
|t:|1779783463
|switch|p1a: Incineroar|Incineroar, L50, F|53/100
|-ability|p1a: Incineroar|Intimidate|boost
|-unboost|p2a: Tyranitar|atk|1
|-unboost|p2b: Excadrill|atk|1
|turn|7
|
|t:|1779783470
|move|p1a: Incineroar|Fake Out|p2b: Excadrill
|-resisted|p2b: Excadrill|1
|-damage|p2b: Excadrill|32/100
|cant|p2b: Excadrill|flinch
|move|p2a: Tyranitar|Rock Slide|p1a: Incineroar|[spread] p1a,p1b
|-supereffective|p1a: Incineroar|1
|-damage|p1a: Incineroar|22/100
|-damage|p1b: Corviknight|83/100
|-enditem|p1a: Incineroar|Sitrus Berry|[eat]
|-heal|p1a: Incineroar|47/100|[from] item: Sitrus Berry
|cant|p1b: Corviknight|flinch
|
|-weather|Sandstorm|[upkeep]
|-damage|p1a: Incineroar|41/100|[from] Sandstorm
|-heal|p1b: Corviknight|89/100|[from] item: Leftovers
|upkeep
|turn|8
|-message|Pa7mmm forfeited.
|
|win|0-10drop
|raw|Pa7mmm's rating: 1905 &rarr; <strong>1885</strong><br />(-20 for losing)
|raw|0-10drop's rating: 1902 &rarr; <strong>1922</strong><br />(+20 for winning)
|l|☆Pa7mmm
|player|p1|
|l|☆0-10drop
|player|p2|
|l| Yoyo0413
