|j|☆ScribbleScribble
|j|☆SunFakeout
|t:|1780697030
|gametype|doubles
|player|p1|ScribbleScribble|mina-lgpe|1897
|player|p2|SunFakeout|102|1929
|gen|9
|tier|[Gen 9 Champions] VGC 2026 Reg M-A
|rated|
|rule|Species Clause: Limit one of each Pokémon
|rule|Item Clause: Limit 1 of each item
|clearpoke
|poke|p1|Lopunny, L50, F, shiny|
|poke|p1|Ceruledge, L50, M, shiny|
|poke|p1|Farigiraf, L50, F|
|poke|p1|Basculegion, L50, M, shiny|
|poke|p1|Ninetales-Alola, L50, M|
|poke|p1|Kingambit, L50, M|
|poke|p2|Kangaskhan, L50, F|
|poke|p2|Farigiraf, L50, F|
|poke|p2|Torkoal, L50, F|
|poke|p2|Aerodactyl, L50, M|
|poke|p2|Sylveon, L50, F|
|poke|p2|Kingambit, L50, M|
|teampreview|4
|inactive|Battle timer is ON: inactive players will automatically lose when time's up. (requested by ScribbleScribble)
|
|t:|1780697048
|teamsize|p1|4
|teamsize|p2|4
|start
|switch|p1a: Farigiraf|Farigiraf, L50, F|100/100
|switch|p1b: Basculegion|Basculegion, L50, M, shiny|100/100
|switch|p2a: Aerodactyl|Aerodactyl, L50, M|100/100
|switch|p2b: Kingambit|Kingambit, L50, M|100/100
|-ability|p2a: Aerodactyl|Unnerve
|turn|1
|inactive|ScribbleScribble has 30 seconds left.
|
|t:|1780697075
|move|p2a: Aerodactyl|Protect|p2a: Aerodactyl
|-singleturn|p2a: Aerodactyl|Protect
|move|p1b: Basculegion|Flip Turn|p2b: Kingambit
|-damage|p2b: Kingambit|68/100
|
|t:|1780697077
|switch|p1b: Lopunny|Lopunny, L50, F, shiny|100/100|[from] Flip Turn
|move|p2b: Kingambit|Kowtow Cleave|p1b: Lopunny
|-damage|p1b: Lopunny|27/100
|move|p1a: Farigiraf|Twin Beam|p2a: Aerodactyl
|-activate|p2a: Aerodactyl|move: Protect
|
|upkeep
|turn|2
|inactive|SunFakeout has 30 seconds left.
|inactive|SunFakeout has 20 seconds left.
|inactive|SunFakeout has 15 seconds left.
|
|t:|1780697120
|switch|p2b: Farigiraf|Farigiraf, L50, F|100/100
|detailschange|p2a: Aerodactyl|Aerodactyl-Mega, L50, M
|-mega|p2a: Aerodactyl|Aerodactyl|Aerodactylite
|detailschange|p1b: Lopunny|Lopunny-Mega, L50, F, shiny
|-mega|p1b: Lopunny|Lopunny|Lopunnite
|move|p1b: Lopunny|Mach Punch||[still]
|cant|p2b: Farigiraf|ability: Armor Tail|Mach Punch|[of] p1b: Lopunny
|move|p2a: Aerodactyl|Dual Wingbeat|p1a: Farigiraf|[miss]
|-miss|p2a: Aerodactyl|p1a: Farigiraf
|move|p1a: Farigiraf|Hyper Voice|p2b: Farigiraf|[spread] p2a,p2b
|-resisted|p2a: Aerodactyl|1
|-damage|p2a: Aerodactyl|79/100
|-damage|p2b: Farigiraf|75/100
|
|upkeep
|turn|3
|inactive|SunFakeout has 30 seconds left.
|
|t:|1780697152
|switch|p2b: Sylveon|Sylveon, L50, F|100/100
|move|p1b: Lopunny|Close Combat|p2a: Aerodactyl
|-damage|p2a: Aerodactyl|2/100
|-unboost|p1b: Lopunny|def|1
|-unboost|p1b: Lopunny|spd|1
|move|p2a: Aerodactyl|Tailwind|p2a: Aerodactyl
|-sidestart|p2: SunFakeout|move: Tailwind
|move|p1a: Farigiraf|Imprison|p1a: Farigiraf
|-start|p1a: Farigiraf|move: Imprison
|
|upkeep
|turn|4
|inactive|ScribbleScribble has 30 seconds left.
|inactive|SunFakeout has 30 seconds left.
|
|t:|1780697188
|move|p1b: Lopunny|Mach Punch|p2a: Aerodactyl
|-damage|p2a: Aerodactyl|0 fnt
|faint|p2a: Aerodactyl
|move|p2b: Sylveon|Hyper Beam|p1a: Farigiraf
|-damage|p1a: Farigiraf|1/100
|-mustrecharge|p2b: Sylveon
|move|p1a: Farigiraf|Hyper Voice|p2b: Sylveon
|-damage|p2b: Sylveon|64/100
|
|upkeep
|
|t:|1780697197
|switch|p2a: Kingambit|Kingambit, L50, M|68/100
|turn|5
|
|t:|1780697203
|move|p1b: Lopunny|Close Combat|p2a: Kingambit
|-supereffective|p2a: Kingambit|2
|-damage|p2a: Kingambit|0 fnt
|-unboost|p1b: Lopunny|def|1
|-unboost|p1b: Lopunny|spd|1
|faint|p2a: Kingambit
|cant|p2b: Sylveon|recharge
|move|p1a: Farigiraf|Hyper Voice|p2b: Sylveon
|-damage|p2b: Sylveon|29/100
|
|upkeep
|
|t:|1780697207
|switch|p2a: Farigiraf|Farigiraf, L50, F|75/100
|turn|6
|-message|SunFakeout forfeited.
|
|win|ScribbleScribble
|raw|ScribbleScribble's rating: 1897 &rarr; <strong>1919</strong><br />(+22 for winning)
|raw|SunFakeout's rating: 1929 &rarr; <strong>1907</strong><br />(-22 for losing)
|l|☆SunFakeout
|player|p2|
|l|☆ScribbleScribble
|player|p1|
