|j|☆meh is ok
|j|☆PATRIOTS_VG
|t:|1781024263
|gametype|doubles
|player|p1|meh is ok|clair|1905
|player|p2|PATRIOTS_VG|drayden|1922
|gen|9
|tier|[Gen 9 Champions] VGC 2026 Reg M-A
|rated|
|rule|Species Clause: Limit one of each Pokémon
|rule|Item Clause: Limit 1 of each item
|clearpoke
|poke|p1|Gallade, L50, M, shiny|
|poke|p1|Archaludon, L50, M|
|poke|p1|Basculegion, L50, M|
|poke|p1|Charizard, L50, F, shiny|
|poke|p1|Sinistcha, L50|
|poke|p1|Kingambit, L50, F|
|poke|p2|Delphox, L50, M, shiny|
|poke|p2|Sneasler, L50, M|
|poke|p2|Sinistcha, L50|
|poke|p2|Basculegion, L50, M|
|poke|p2|Incineroar, L50, F|
|poke|p2|Floette-Eternal, L50, F|
|teampreview|4
|inactive|Battle timer is ON: inactive players will automatically lose when time's up. (requested by meh is ok)
|
|t:|1781024290
|teamsize|p1|4
|teamsize|p2|4
|start
|switch|p1a: Charizard|Charizard, L50, F, shiny|100/100
|switch|p1b: Kingambit|Kingambit, L50, F|100/100
|switch|p2a: Sneasler|Sneasler, L50, M|100/100
|switch|p2b: Floette|Floette-Eternal, L50, F|100/100
|turn|1
|
|t:|1781024310
|detailschange|p2b: Floette|Floette-Mega, L50, F
|-mega|p2b: Floette|Floette|Floettite
|-ability|p2b: Floette|Fairy Aura
|detailschange|p1a: Charizard|Charizard-Mega-Y, L50, F, shiny
|-mega|p1a: Charizard|Charizard|Charizardite Y
|-weather|SunnyDay|[from] ability: Drought|[of] p1a: Charizard
|move|p2a: Sneasler|Fake Out|p1b: Kingambit
|-resisted|p1b: Kingambit|1
|-damage|p1b: Kingambit|93/100
|move|p2b: Floette|Calm Mind|p2b: Floette
|-boost|p2b: Floette|spa|1
|-boost|p2b: Floette|spd|1
|move|p1a: Charizard|Heat Wave|p2b: Floette|[spread] p2a,p2b
|-damage|p2a: Sneasler|3/100
|-damage|p2b: Floette|64/100
|cant|p1b: Kingambit|flinch
|
|-weather|SunnyDay|[upkeep]
|upkeep
|turn|2
|j| ddgfdhad
|
|t:|1781024332
|move|p1b: Kingambit|Sucker Punch|p2a: Sneasler
|-resisted|p2a: Sneasler|1
|-damage|p2a: Sneasler|0 fnt
|faint|p2a: Sneasler
|move|p2b: Floette|Dazzling Gleam|p1a: Charizard|[spread] p1a,p1b
|-resisted|p1a: Charizard|1
|-damage|p1a: Charizard|69/100
|-damage|p1b: Kingambit|28/100
|move|p1a: Charizard|Heat Wave|p2b: Floette
|-damage|p2b: Floette|21/100
|
|-weather|SunnyDay|[upkeep]
|upkeep
|
|t:|1781024341
|switch|p2a: Sinistcha|Sinistcha, L50|100/100
|-heal|p2b: Floette|46/100|[from] ability: Hospitality|[of] p2a: Sinistcha
|turn|3
|
|t:|1781024359
|move|p2a: Sinistcha|Protect|p2a: Sinistcha
|-singleturn|p2a: Sinistcha|Protect
|move|p2b: Floette|Draining Kiss|p1b: Kingambit
|-damage|p1b: Kingambit|0 fnt
|-heal|p2b: Floette|72/100|[from] drain|[of] p1b: Kingambit
|faint|p1b: Kingambit
|move|p1a: Charizard|Heat Wave|p2b: Floette|[spread] p2b
|-activate|p2a: Sinistcha|move: Protect
|-damage|p2b: Floette|42/100
|
|-weather|SunnyDay|[upkeep]
|upkeep
|
|t:|1781024374
|switch|p1b: Basculegion|Basculegion, L50, M|100/100
|turn|4
|
|t:|1781024391
|move|p1b: Basculegion|Protect|p1b: Basculegion
|-singleturn|p1b: Basculegion|Protect
|move|p2a: Sinistcha|Rage Powder|p2a: Sinistcha
|-singleturn|p2a: Sinistcha|move: Rage Powder
|move|p2b: Floette|Draining Kiss|p1a: Charizard
|-resisted|p1a: Charizard|1
|-damage|p1a: Charizard|42/100
|-heal|p2b: Floette|63/100|[from] drain|[of] p1a: Charizard
|move|p1a: Charizard|Heat Wave|p2a: Sinistcha|[spread] p2b
|-miss|p1a: Charizard|p2a: Sinistcha
|-damage|p2b: Floette|29/100
|
|-weather|SunnyDay|[upkeep]
|upkeep
|turn|5
|
|t:|1781024405
|move|p2a: Sinistcha|Rage Powder|p2a: Sinistcha
|-singleturn|p2a: Sinistcha|move: Rage Powder
|move|p2b: Floette|Draining Kiss|p1b: Basculegion
|-damage|p1b: Basculegion|31/100
|-heal|p2b: Floette|89/100|[from] drain|[of] p1b: Basculegion
|move|p1b: Basculegion|Last Respects|p2a: Sinistcha
|-supereffective|p2a: Sinistcha|1
|-enditem|p2a: Sinistcha|Kasib Berry|[eat]
|-enditem|p2a: Sinistcha|Kasib Berry|[weaken]
|-damage|p2a: Sinistcha|45/100
|move|p1a: Charizard|Weather Ball|p2a: Sinistcha
|-supereffective|p2a: Sinistcha|1
|-damage|p2a: Sinistcha|0 fnt
|faint|p2a: Sinistcha
|
|-weather|none
|upkeep
|
|t:|1781024416
|switch|p2a: Basculegion|Basculegion, L50, M|100/100
|turn|6
|
|t:|1781024425
|move|p2b: Floette|Dazzling Gleam|p1a: Charizard|[spread] p1a,p1b
|-resisted|p1a: Charizard|1
|-damage|p1a: Charizard|10/100
|-damage|p1b: Basculegion|0 fnt
|faint|p1b: Basculegion
|move|p1a: Charizard|Heat Wave|p2a: Basculegion|[spread] p2a
|-miss|p1a: Charizard|p2b: Floette
|-resisted|p2a: Basculegion|1
|-damage|p2a: Basculegion|75/100
|move|p2a: Basculegion|Last Respects|p1a: Charizard
|-damage|p1a: Charizard|0 fnt
|faint|p1a: Charizard
|
|upkeep
|-message|meh is ok forfeited.
|
|win|PATRIOTS_VG
|raw|meh is ok's rating: 1905 &rarr; <strong>1886</strong><br />(-19 for losing)
|raw|PATRIOTS_VG's rating: 1922 &rarr; <strong>1941</strong><br />(+19 for winning)
|l|☆meh is ok
|player|p1|
|l|☆PATRIOTS_VG
|player|p2|
|l| ddgfdhad
