|j|☆Grade a type b
|j|‽Spottedwoot
|t:|1778537154
|gametype|doubles
|player|p1|Grade a type b|265|1786
|player|p2|Spottedwoot|101|1798
|gen|9
|tier|[Gen 9 Champions] VGC 2026 Reg M-A
|rated|
|rule|Species Clause: Limit one of each Pokémon
|rule|Item Clause: Limit 1 of each item
|clearpoke
|poke|p1|Charizard, L50, M|
|poke|p1|Basculegion, L50, M|
|poke|p1|Kommo-o, L50, F|
|poke|p1|Whimsicott, L50, M|
|poke|p1|Kingambit, L50, F|
|poke|p1|Diggersby, L50, F|
|poke|p2|Excadrill, L50, M|
|poke|p2|Milotic, L50, M|
|poke|p2|Whimsicott, L50, F|
|poke|p2|Sneasler, L50, M|
|poke|p2|Meganium, L50, M|
|poke|p2|Aegislash, L50, M|
|teampreview|4
|inactive|Battle timer is ON: inactive players will automatically lose when time's up. (requested by Grade a type b)
|j| Haellstrom
|inactive|Grade a type b has 60 seconds left.
|
|t:|1778537185
|teamsize|p1|4
|teamsize|p2|4
|start
|switch|p1a: Whimsicott|Whimsicott, L50, M|100/100
|switch|p1b: Jurassic Park|Charizard, L50, M|100/100
|switch|p2a: Excadrill|Excadrill, L50, M|100/100
|switch|p2b: Whimsicott|Whimsicott, L50, F|100/100
|-ability|p2a: Excadrill|Mold Breaker
|turn|1
|
|t:|1778537194
|switch|p1b: Kingambit|Kingambit, L50, F|100/100
|detailschange|p2a: Excadrill|Excadrill-Mega, L50, M
|-mega|p2a: Excadrill|Excadrill|Excadrite
|move|p2b: Whimsicott|Tailwind|p2b: Whimsicott
|-sidestart|p2: Spottedwoot|move: Tailwind
|move|p1a: Whimsicott|Tailwind|p1a: Whimsicott
|-sidestart|p1: Grade a type b|move: Tailwind
|move|p2a: Excadrill|Rock Slide|p1b: Kingambit|[spread] p1a
|-miss|p2a: Excadrill|p1b: Kingambit
|-damage|p1a: Whimsicott|67/100
|
|upkeep
|turn|2
|
|t:|1778537208
|move|p1a: Whimsicott|Encore|p2a: Excadrill
|-start|p2a: Excadrill|Encore
|move|p2b: Whimsicott|Encore||[still]
|-fail|p2b: Whimsicott
|move|p2a: Excadrill|Rock Slide|p1a: Whimsicott|[spread] p1a,p1b
|-resisted|p1b: Kingambit|1
|-damage|p1a: Whimsicott|31/100
|-damage|p1b: Kingambit|91/100
|move|p1b: Kingambit|Kowtow Cleave|p2a: Excadrill
|-damage|p2a: Excadrill|41/100
|
|upkeep
|turn|3
|
|t:|1778537222
|switch|p2a: Sneasler|Sneasler, L50, M|100/100
|move|p1a: Whimsicott|Protect|p1a: Whimsicott
|-singleturn|p1a: Whimsicott|Protect
|move|p1b: Kingambit|Sucker Punch||[still]
|-fail|p1b: Kingambit
|move|p2b: Whimsicott|Moonblast|p1a: Whimsicott
|-activate|p1a: Whimsicott|move: Protect
|
|upkeep
|turn|4
|
|t:|1778537233
|switch|p1b: Atom Bomb|Basculegion, L50, M|100/100
|move|p2b: Whimsicott|Moonblast|p1a: Whimsicott
|-damage|p1a: Whimsicott|0 fnt
|faint|p1a: Whimsicott
|move|p2a: Sneasler|Close Combat|p1b: Atom Bomb
|-immune|p1b: Atom Bomb
|
|-sideend|p2: Spottedwoot|move: Tailwind
|-sideend|p1: Grade a type b|move: Tailwind
|upkeep
|
|t:|1778537240
|switch|p1a: Jurassic Park|Charizard, L50, M|100/100
|turn|5
|
|t:|1778537247
|detailschange|p1a: Jurassic Park|Charizard-Mega-Y, L50, M
|-mega|p1a: Jurassic Park|Charizard|Charizardite Y
|-weather|SunnyDay|[from] ability: Drought|[of] p1a: Jurassic Park
|move|p2b: Whimsicott|Tailwind|p2b: Whimsicott
|-sidestart|p2: Spottedwoot|move: Tailwind
|move|p2a: Sneasler|Dire Claw|p1a: Jurassic Park
|-damage|p1a: Jurassic Park|38/100
|-status|p1a: Jurassic Park|slp
|move|p1b: Atom Bomb|Last Respects|p2a: Sneasler
|-damage|p2a: Sneasler|0 fnt
|faint|p2a: Sneasler
|cant|p1a: Jurassic Park|slp
|
|-weather|SunnyDay|[upkeep]
|upkeep
|
|t:|1778537257
|switch|p2a: Aegislash|Aegislash, L50, M|100/100
|turn|6
|
|t:|1778537268
|switch|p1b: Kingambit|Kingambit, L50, F|91/100
|-formechange|p2a: Aegislash|Aegislash-Blade|
|move|p2a: Aegislash|Shadow Sneak|p1b: Kingambit
|-resisted|p1b: Kingambit|1
|-damage|p1b: Kingambit|81/100
|move|p2b: Whimsicott|Moonblast|p1b: Kingambit
|-damage|p1b: Kingambit|48/100
|cant|p1a: Jurassic Park|slp
|
|-weather|SunnyDay|[upkeep]
|upkeep
|turn|7
|
|t:|1778537280
|-formechange|p2a: Aegislash|Aegislash|
|move|p2a: Aegislash|King's Shield|p2a: Aegislash
|-singleturn|p2a: Aegislash|Protect
|move|p1b: Kingambit|Protect|p1b: Kingambit
|-singleturn|p1b: Kingambit|Protect
|move|p2b: Whimsicott|Moonblast|p1b: Kingambit
|-activate|p1b: Kingambit|move: Protect
|-curestatus|p1a: Jurassic Park|slp|[msg]
|move|p1a: Jurassic Park|Heat Wave|p2a: Aegislash|[spread] p2b
|-activate|p2a: Aegislash|move: Protect
|-supereffective|p2b: Whimsicott|1
|-enditem|p2b: Whimsicott|Focus Sash
|-damage|p2b: Whimsicott|1/100
|
|-weather|SunnyDay|[upkeep]
|upkeep
|turn|8
|j| DissFunktion
|
|t:|1778537297
|move|p1b: Kingambit|Sucker Punch|p2a: Aegislash
|-supereffective|p2a: Aegislash|1
|-damage|p2a: Aegislash|15/100
|move|p2b: Whimsicott|Moonblast|p1b: Kingambit
|-damage|p1b: Kingambit|13/100
|-formechange|p2a: Aegislash|Aegislash-Blade|
|move|p2a: Aegislash|Poltergeist|p1a: Jurassic Park
|-activate|p1a: Jurassic Park|move: Poltergeist|Charizardite Y
|-damage|p1a: Jurassic Park|0 fnt
|faint|p1a: Jurassic Park
|
|-weather|SunnyDay|[upkeep]
|-sideend|p2: Spottedwoot|move: Tailwind
|upkeep
|
|t:|1778537299
|switch|p1a: Atom Bomb|Basculegion, L50, M|100/100
|turn|9
|
|t:|1778537315
|move|p2a: Aegislash|Shadow Sneak|p1a: Atom Bomb
|-supereffective|p1a: Atom Bomb|1
|-damage|p1a: Atom Bomb|20/100y
|move|p1b: Kingambit|Sucker Punch|p2b: Whimsicott
|-resisted|p2b: Whimsicott|1
|-damage|p2b: Whimsicott|0 fnt
|faint|p2b: Whimsicott
|move|p1a: Atom Bomb|Last Respects|p2a: Aegislash
|-supereffective|p2a: Aegislash|1
|-damage|p2a: Aegislash|0 fnt
|faint|p2a: Aegislash
|
|-weather|none
|upkeep
|
|t:|1778537320
|switch|p2b: Excadrill|Excadrill-Mega, L50, M|41/100
|turn|10
|
|t:|1778537325
|move|p1b: Kingambit|Sucker Punch|p2b: Excadrill
|-damage|p2b: Excadrill|0 fnt
|faint|p2b: Excadrill
|
|win|Grade a type b
|raw|Grade a type b's rating: 1786 &rarr; <strong>1807</strong><br />(+21 for winning)
|raw|Spottedwoot's rating: 1798 &rarr; <strong>1777</strong><br />(-21 for losing)
