|j|☆ScribbleScribble
|j|☆klanes1209
|t:|1780762846
|gametype|doubles
|player|p1|ScribbleScribble|mina-lgpe|1909
|player|p2|klanes1209|1|1937
|gen|9
|tier|[Gen 9 Champions] VGC 2026 Reg M-A
|rated|
|rule|Species Clause: Limit one of each Pokémon
|rule|Item Clause: Limit 1 of each item
|clearpoke
|poke|p1|Lopunny, L50, F, shiny|
|poke|p1|Ceruledge, L50, F, shiny|
|poke|p1|Farigiraf, L50, M|
|poke|p1|Basculegion, L50, M, shiny|
|poke|p1|Ninetales-Alola, L50, M|
|poke|p1|Kingambit, L50, F|
|poke|p2|Blastoise, L50, M|
|poke|p2|Incineroar, L50, M|
|poke|p2|Vivillon-Pokeball, L50, F|
|poke|p2|Sinistcha-Masterpiece, L50|
|poke|p2|Sneasler, L50, M|
|poke|p2|Pelipper, L50, M|
|teampreview|4
|inactive|Battle timer is ON: inactive players will automatically lose when time's up. (requested by ScribbleScribble)
|inactive|klanes1209 has 60 seconds left.
|
|t:|1780762894
|teamsize|p1|4
|teamsize|p2|4
|start
|switch|p1a: Lopunny|Lopunny, L50, F, shiny|100/100
|switch|p1b: Ceruledge|Ceruledge, L50, F, shiny|100/100
|switch|p2a: Blastoise|Blastoise, L50, M|100/100
|switch|p2b: Incineroar|Incineroar, L50, M|100/100
|-ability|p2b: Incineroar|Intimidate|boost
|-unboost|p1a: Lopunny|atk|1
|-unboost|p1b: Ceruledge|atk|1
|turn|1
|inactive|klanes1209 has 30 seconds left.
|
|t:|1780762929
|detailschange|p1a: Lopunny|Lopunny-Mega, L50, F, shiny
|-mega|p1a: Lopunny|Lopunny|Lopunnite
|detailschange|p2a: Blastoise|Blastoise-Mega, L50, M
|-mega|p2a: Blastoise|Blastoise|Blastoisinite
|move|p1a: Lopunny|Fake Out|p2a: Blastoise
|-crit|p2a: Blastoise
|-damage|p2a: Blastoise|70/100
|move|p1b: Ceruledge|Swords Dance|p1b: Ceruledge
|-boost|p1b: Ceruledge|atk|2
|cant|p2a: Blastoise|flinch
|move|p2b: Incineroar|Flare Blitz|p1a: Lopunny
|-damage|p1a: Lopunny|4/100
|-damage|p2b: Incineroar|77/100|[from] Recoil
|
|upkeep
|turn|2
|inactive|klanes1209 has 30 seconds left.
|
|t:|1780762963
|move|p2a: Blastoise|Protect|p2a: Blastoise
|-singleturn|p2a: Blastoise|Protect
|move|p1a: Lopunny|Close Combat|p2b: Incineroar
|-supereffective|p2b: Incineroar|1
|-damage|p2b: Incineroar|0 fnt
|-unboost|p1a: Lopunny|def|1
|-unboost|p1a: Lopunny|spd|1
|faint|p2b: Incineroar
|move|p1b: Ceruledge|Poltergeist|p2a: Blastoise
|-activate|p2a: Blastoise|move: Protect
|
|upkeep
|
|t:|1780762978
|switch|p2b: Sinistcha|Sinistcha-Masterpiece, L50|100/100
|-heal|p2a: Blastoise|95/100|[from] ability: Hospitality|[of] p2b: Sinistcha
|turn|3
|
|t:|1780762988
|switch|p1a: Basculegion|Basculegion, L50, M, shiny|100/100
|move|p2b: Sinistcha|Rage Powder|p2b: Sinistcha
|-singleturn|p2b: Sinistcha|move: Rage Powder
|move|p1b: Ceruledge|Bitter Blade|p2b: Sinistcha
|-supereffective|p2b: Sinistcha|1
|-damage|p2b: Sinistcha|0 fnt
|faint|p2b: Sinistcha
|move|p2a: Blastoise|Shell Smash|p2a: Blastoise
|-unboost|p2a: Blastoise|def|1
|-unboost|p2a: Blastoise|spd|1
|-boost|p2a: Blastoise|atk|2
|-boost|p2a: Blastoise|spa|2
|-boost|p2a: Blastoise|spe|2
|
|upkeep
|j| pauboosch
|
|t:|1780763002
|switch|p2b: Pelipper|Pelipper, L50, M|100/100
|-weather|RainDance|[from] ability: Drizzle|[of] p2b: Pelipper
|turn|4
|inactive|klanes1209 has 30 seconds left.
|
|t:|1780763029
|move|p1a: Basculegion|Aqua Jet|p2a: Blastoise
|-resisted|p2a: Blastoise|1
|-damage|p2a: Blastoise|70/100
|move|p1b: Ceruledge|Shadow Sneak|p2a: Blastoise
|-damage|p2a: Blastoise|25/100
|move|p2a: Blastoise|Water Spout|p1a: Basculegion|[spread] p1a,p1b
|-resisted|p1a: Basculegion|1
|-supereffective|p1b: Ceruledge|1
|-damage|p1a: Basculegion|73/100
|-enditem|p1b: Ceruledge|Focus Sash
|-damage|p1b: Ceruledge|1/100
|move|p2b: Pelipper|Hurricane|p1a: Basculegion
|-damage|p1a: Basculegion|22/100
|
|-weather|RainDance|[upkeep]
|upkeep
|turn|5
|
|t:|1780763052
|switch|p1a: Ninetales|Ninetales-Alola, L50, M|100/100
|-weather|Snowscape|[from] ability: Snow Warning|[of] p1a: Ninetales
|move|p2a: Blastoise|Protect|p2a: Blastoise
|-singleturn|p2a: Blastoise|Protect
|move|p1b: Ceruledge|Shadow Sneak|p2a: Blastoise
|-activate|p2a: Blastoise|move: Protect
|move|p2b: Pelipper|Hurricane|p1b: Ceruledge
|-damage|p1b: Ceruledge|0 fnt
|faint|p1b: Ceruledge
|
|-weather|Snowscape|[upkeep]
|upkeep
|
|t:|1780763058
|switch|p1b: Lopunny|Lopunny-Mega, L50, F, shiny|4/100
|turn|6
|
|t:|1780763074
|move|p2a: Blastoise|Protect||[still]
|-fail|p2a: Blastoise
|move|p1b: Lopunny|Fake Out|p2a: Blastoise
|-damage|p2a: Blastoise|0 fnt
|faint|p2a: Blastoise
|move|p2b: Pelipper|Hurricane|p1a: Ninetales
|-damage|p1a: Ninetales|43/100
|move|p1a: Ninetales|Freeze-Dry|p2b: Pelipper
|-supereffective|p2b: Pelipper|2
|-damage|p2b: Pelipper|0 fnt
|faint|p2b: Pelipper
|
|win|ScribbleScribble
|raw|ScribbleScribble's rating: 1920 &rarr; <strong>1941</strong><br />(+21 for winning)
|raw|klanes1209's rating: 1937 &rarr; <strong>1916</strong><br />(-21 for losing)
|c|☆ScribbleScribble|gg
|l|☆klanes1209
|player|p2|
|l|☆ScribbleScribble
|player|p1|
