|j|☆ScribbleScribble
|j|☆SunFakeout
|t:|1780696682
|gametype|doubles
|player|p1|ScribbleScribble|mina-lgpe|1875
|player|p2|SunFakeout|102|1937
|gen|9
|tier|[Gen 9 Champions] VGC 2026 Reg M-A
|rated|
|rule|Species Clause: Limit one of each Pokémon
|rule|Item Clause: Limit 1 of each item
|clearpoke
|poke|p1|Lopunny, L50, F, shiny|
|poke|p1|Ceruledge, L50, F, shiny|
|poke|p1|Farigiraf, L50, F|
|poke|p1|Basculegion, L50, M, shiny|
|poke|p1|Ninetales-Alola, L50, F|
|poke|p1|Kingambit, L50, F|
|poke|p2|Kangaskhan, L50, F|
|poke|p2|Farigiraf, L50, M|
|poke|p2|Torkoal, L50, M|
|poke|p2|Aerodactyl, L50, F|
|poke|p2|Sylveon, L50, F|
|poke|p2|Kingambit, L50, F|
|teampreview|4
|inactive|Battle timer is ON: inactive players will automatically lose when time's up. (requested by ScribbleScribble)
|inactive|ScribbleScribble has 60 seconds left.
|inactive|SunFakeout has 60 seconds left.
|
|t:|1780696726
|teamsize|p1|4
|teamsize|p2|4
|start
|switch|p1a: Farigiraf|Farigiraf, L50, F|100/100
|switch|p1b: Lopunny|Lopunny, L50, F, shiny|100/100
|switch|p2a: Aerodactyl|Aerodactyl, L50, F|100/100
|switch|p2b: Kingambit|Kingambit, L50, F|100/100
|-ability|p2a: Aerodactyl|Unnerve
|turn|1
|
|t:|1780696746
|detailschange|p2a: Aerodactyl|Aerodactyl-Mega, L50, F
|-mega|p2a: Aerodactyl|Aerodactyl|Aerodactylite
|move|p2a: Aerodactyl|Dual Wingbeat|p1b: Lopunny
|-damage|p1b: Lopunny|55/100
|-damage|p1b: Lopunny|8/100
|-hitcount|p1b: Lopunny|2
|move|p1b: Lopunny|Close Combat|p2b: Kingambit
|-supereffective|p2b: Kingambit|2
|-damage|p2b: Kingambit|5/100
|-unboost|p1b: Lopunny|def|1
|-unboost|p1b: Lopunny|spd|1
|move|p2b: Kingambit|Kowtow Cleave|p1a: Farigiraf
|-supereffective|p1a: Farigiraf|1
|-enditem|p1a: Farigiraf|Colbur Berry|[eat]
|-enditem|p1a: Farigiraf|Colbur Berry|[weaken]
|-damage|p1a: Farigiraf|50/100g
|move|p1a: Farigiraf|Twin Beam|p2a: Aerodactyl
|-damage|p2a: Aerodactyl|77/100
|-damage|p2a: Aerodactyl|54/100
|-hitcount|p2a: Aerodactyl|2
|
|upkeep
|turn|2
|
|t:|1780696770
|move|p1b: Lopunny|Mach Punch|p2b: Kingambit
|-supereffective|p2b: Kingambit|2
|-damage|p2b: Kingambit|0 fnt
|faint|p2b: Kingambit
|move|p2a: Aerodactyl|Rock Slide|p1b: Lopunny|[spread] p1a,p1b
|-damage|p1a: Farigiraf|18/100
|-damage|p1b: Lopunny|0 fnt
|faint|p1b: Lopunny
|cant|p1a: Farigiraf|flinch
|
|upkeep
|
|t:|1780696781
|switch|p1b: Basculegion|Basculegion, L50, M, shiny|100/100
|switch|p2b: Sylveon|Sylveon, L50, F|100/100
|turn|3
|
|t:|1780696800
|switch|p2b: Farigiraf|Farigiraf, L50, M|100/100
|move|p1b: Basculegion|Wave Crash|p2a: Aerodactyl
|-supereffective|p2a: Aerodactyl|1
|-damage|p2a: Aerodactyl|0 fnt
|faint|p2a: Aerodactyl
|-damage|p1b: Basculegion|85/100|[from] Recoil
|move|p1a: Farigiraf|Imprison|p1a: Farigiraf
|-start|p1a: Farigiraf|move: Imprison
|
|upkeep
|
|t:|1780696810
|switch|p2a: Sylveon|Sylveon, L50, F|100/100
|turn|4
|
|t:|1780696825
|move|p2a: Sylveon|Detect|p2a: Sylveon
|-singleturn|p2a: Sylveon|Protect
|move|p1b: Basculegion|Wave Crash|p2a: Sylveon
|-activate|p2a: Sylveon|move: Protect
|move|p1a: Farigiraf|Hyper Voice|p2a: Sylveon|[spread] p2b
|-activate|p2a: Sylveon|move: Protect
|-damage|p2b: Farigiraf|76/100
|move|p2b: Farigiraf|Thunderbolt|p1b: Basculegion
|-supereffective|p1b: Basculegion|1
|-damage|p1b: Basculegion|32/100
|
|upkeep
|turn|5
|j| tsettest
|
|t:|1780696842
|move|p2a: Sylveon|Detect||[still]
|-fail|p2a: Sylveon
|move|p1b: Basculegion|Wave Crash|p2a: Sylveon
|-damage|p2a: Sylveon|0 fnt
|faint|p2a: Sylveon
|-damage|p1b: Basculegion|1/100|[from] Recoil
|move|p1a: Farigiraf|Hyper Voice|p2b: Farigiraf
|-damage|p2b: Farigiraf|42/100
|-enditem|p2b: Farigiraf|Sitrus Berry|[eat]
|-heal|p2b: Farigiraf|67/100|[from] item: Sitrus Berry
|move|p2b: Farigiraf|Thunderbolt|p1b: Basculegion
|-supereffective|p1b: Basculegion|1
|-damage|p1b: Basculegion|0 fnt
|faint|p1b: Basculegion
|
|upkeep
|
|t:|1780696854
|switch|p1b: Ceruledge|Ceruledge, L50, F, shiny|100/100
|turn|6
|-message|SunFakeout forfeited.
|
|win|ScribbleScribble
|raw|ScribbleScribble's rating: 1857 &rarr; <strong>1882</strong><br />(+25 for winning)
|raw|SunFakeout's rating: 1937 &rarr; <strong>1912</strong><br />(-25 for losing)
|l|☆SunFakeout
|player|p2|
|l|☆ScribbleScribble
|player|p1|
