|j|☆Avriss
|j|☆ScribbleScribble
|t:|1781095386
|gametype|doubles
|player|p1|Avriss|anabel|1889
|player|p2|ScribbleScribble|mina-lgpe|1913
|gen|9
|tier|[Gen 9 Champions] VGC 2026 Reg M-A
|rated|
|rule|Species Clause: Limit one of each Pokémon
|rule|Item Clause: Limit 1 of each item
|clearpoke
|poke|p1|Scovillain, L50, M|
|poke|p1|Aerodactyl, L50, M|
|poke|p1|Garchomp, L50, M|
|poke|p1|Basculegion, L50, M|
|poke|p1|Kingambit, L50, M|
|poke|p1|Sylveon, L50, M, shiny|
|poke|p2|Lopunny, L50, F, shiny|
|poke|p2|Ceruledge, L50, M, shiny|
|poke|p2|Farigiraf, L50, F|
|poke|p2|Basculegion, L50, M, shiny|
|poke|p2|Ninetales-Alola, L50, M|
|poke|p2|Kingambit, L50, M|
|teampreview|4
|inactive|Battle timer is ON: inactive players will automatically lose when time's up. (requested by ScribbleScribble)
|inactive|Avriss also wants the timer to be on.
|inactive|Avriss no longer wants the timer on, but the timer is staying on because scribblescribble still does.
|inactive|Avriss has 60 seconds left.
|
|t:|1781095421
|teamsize|p1|4
|teamsize|p2|4
|start
|switch|p1a: BJaw|Aerodactyl, L50, M|100/100
|switch|p1b: Mikuu|Sylveon, L50, M, shiny|100/100
|switch|p2a: Lopunny|Lopunny, L50, F, shiny|100/100
|switch|p2b: Ceruledge|Ceruledge, L50, M, shiny|100/100
|-ability|p1a: BJaw|Unnerve
|turn|1
|
|t:|1781095431
|detailschange|p1a: BJaw|Aerodactyl-Mega, L50, M
|-mega|p1a: BJaw|Aerodactyl|Aerodactylite
|move|p2a: Lopunny|Fake Out|p1a: BJaw
|-resisted|p1a: BJaw|1
|-damage|p1a: BJaw|90/100
|cant|p1a: BJaw|flinch
|move|p2b: Ceruledge|Poltergeist|p1a: BJaw
|-activate|p1a: BJaw|move: Poltergeist|Aerodactylite
|-damage|p1a: BJaw|23/100
|move|p1b: Mikuu|Hyper Voice|p2a: Lopunny|[spread] p2a,p2b
|-resisted|p2b: Ceruledge|1
|-damage|p2a: Lopunny|40/100
|-damage|p2b: Ceruledge|74/100
|
|upkeep
|turn|2
|
|t:|1781095446
|detailschange|p2a: Lopunny|Lopunny-Mega, L50, F, shiny
|-mega|p2a: Lopunny|Lopunny|Lopunnite
|move|p1a: BJaw|Protect|p1a: BJaw
|-singleturn|p1a: BJaw|Protect
|move|p2a: Lopunny|Mach Punch|p1a: BJaw
|-activate|p1a: BJaw|move: Protect
|move|p2b: Ceruledge|Bitter Blade|p1b: Mikuu
|-damage|p1b: Mikuu|50/100y
|-heal|p2b: Ceruledge|100/100|[from] drain|[of] p1b: Mikuu
|move|p1b: Mikuu|Hyper Voice|p2b: Ceruledge|[spread] p2a,p2b
|-supereffective|p2a: Lopunny|1
|-resisted|p2b: Ceruledge|1
|-damage|p2a: Lopunny|0 fnt
|-damage|p2b: Ceruledge|74/100
|faint|p2a: Lopunny
|
|upkeep
|
|t:|1781095454
|switch|p2a: Ninetales|Ninetales-Alola, L50, M|100/100
|-weather|Snowscape|[from] ability: Snow Warning|[of] p2a: Ninetales
|turn|3
|inactive|ScribbleScribble has 30 seconds left.
|inactive|ScribbleScribble has 20 seconds left.
|
|t:|1781095494
|move|p2b: Ceruledge|Shadow Sneak|p1a: BJaw
|-damage|p1a: BJaw|0 fnt
|faint|p1a: BJaw
|move|p2a: Ninetales|Blizzard|p1b: Mikuu
|-damage|p1b: Mikuu|13/100
|move|p1b: Mikuu|Hyper Voice|p2a: Ninetales|[spread] p2a,p2b
|-resisted|p2b: Ceruledge|1
|-damage|p2a: Ninetales|41/100
|-damage|p2b: Ceruledge|45/100
|
|-weather|Snowscape|[upkeep]
|upkeep
|inactive|Avriss has 30 seconds left.
|
|t:|1781095526
|switch|p1a: Vinsmoke|Kingambit, L50, M|100/100
|turn|4
|
|t:|1781095533
|switch|p2a: Farigiraf|Farigiraf, L50, F|100/100
|switch|p1b: Deepthroat|Basculegion, L50, M|100/100
|move|p2b: Ceruledge|Bitter Blade|p1a: Vinsmoke
|-supereffective|p1a: Vinsmoke|1
|-damage|p1a: Vinsmoke|22/100
|-heal|p2b: Ceruledge|90/100|[from] drain|[of] p1a: Vinsmoke
|move|p1a: Vinsmoke|Kowtow Cleave|p2b: Ceruledge
|-supereffective|p2b: Ceruledge|1
|-damage|p2b: Ceruledge|0 fnt
|faint|p2b: Ceruledge
|
|-weather|Snowscape|[upkeep]
|upkeep
|
|t:|1781095541
|switch|p2b: Ninetales|Ninetales-Alola, L50, M|41/100
|turn|5
|
|t:|1781095563
|move|p1b: Deepthroat|Last Respects|p2b: Ninetales
|-damage|p2b: Ninetales|0 fnt
|faint|p2b: Ninetales
|move|p1a: Vinsmoke|Kowtow Cleave|p2a: Farigiraf
|-supereffective|p2a: Farigiraf|1
|-enditem|p2a: Farigiraf|Colbur Berry|[eat]
|-enditem|p2a: Farigiraf|Colbur Berry|[weaken]
|-damage|p2a: Farigiraf|42/100
|move|p2a: Farigiraf|Twin Beam|p1b: Deepthroat
|-damage|p1b: Deepthroat|77/100
|-damage|p1b: Deepthroat|55/100
|-hitcount|p1b: Deepthroat|2
|
|-weather|Snowscape|[upkeep]
|upkeep
|turn|6
|
|t:|1781095572
|switch|p1b: Mikuu|Sylveon, L50, M, shiny|13/100
|move|p1a: Vinsmoke|Kowtow Cleave|p2a: Farigiraf
|-supereffective|p2a: Farigiraf|1
|-damage|p2a: Farigiraf|0 fnt
|faint|p2a: Farigiraf
|
|win|Avriss
|raw|Avriss's rating: 1889 &rarr; <strong>1910</strong><br />(+21 for winning)
|raw|ScribbleScribble's rating: 1913 &rarr; <strong>1892</strong><br />(-21 for losing)
|c|☆Avriss|ggs
|c|☆Avriss|finally 1900
|c|☆ScribbleScribble|gg
|l|☆ScribbleScribble
|player|p2|
|l|☆Avriss
|player|p1|
