|j|☆megagenger2023
|j|☆MegVGC
|t:|1780691984
|gametype|doubles
|player|p1|megagenger2023|2|2001
|player|p2|MegVGC|102|1906
|gen|9
|tier|[Gen 9 Champions] VGC 2026 Reg M-A
|rated|
|rule|Species Clause: Limit one of each Pokémon
|rule|Item Clause: Limit 1 of each item
|clearpoke
|poke|p1|Gengar, L50, F|
|poke|p1|Archaludon, L50, M|
|poke|p1|Politoed, L50, F|
|poke|p1|Incineroar, L50, F|
|poke|p1|Sinistcha-Masterpiece, L50|
|poke|p1|Froslass, L50, F|
|poke|p2|Glimmora, L50, F|
|poke|p2|Volcarona, L50, F|
|poke|p2|Milotic, L50, F|
|poke|p2|Sinistcha, L50|
|poke|p2|Whimsicott, L50, F|
|poke|p2|Hydreigon, L50, M|
|teampreview|4
|inactive|Battle timer is ON: inactive players will automatically lose when time's up. (requested by MegVGC)
|
|t:|1780692007
|teamsize|p1|4
|teamsize|p2|4
|start
|switch|p1a: Gengar|Gengar, L50, F|100/100
|switch|p1b: Incineroar|Incineroar, L50, F|100/100
|switch|p2a: Hydreigon|Hydreigon, L50, M|100/100
|switch|p2b: Glimmora|Glimmora, L50, F|100/100
|-ability|p1b: Incineroar|Intimidate|boost
|-unboost|p2a: Hydreigon|atk|1
|-unboost|p2b: Glimmora|atk|1
|turn|1
|
|t:|1780692018
|detailschange|p2b: Glimmora|Glimmora-Mega, L50, F
|-mega|p2b: Glimmora|Glimmora|Glimmoranite
|detailschange|p1a: Gengar|Gengar-Mega, L50, F
|-mega|p1a: Gengar|Gengar|Gengarite
|move|p1b: Incineroar|Fake Out|p2a: Hydreigon
|-crit|p2a: Hydreigon
|-damage|p2a: Hydreigon|81/100
|move|p2b: Glimmora|Power Gem|p1b: Incineroar
|-supereffective|p1b: Incineroar|1
|-damage|p1b: Incineroar|2/100
|move|p1a: Gengar|Perish Song|p1a: Gengar
|-start|p1a: Gengar|perish3|[silent]
|-start|p1b: Incineroar|perish3|[silent]
|-start|p2a: Hydreigon|perish3|[silent]
|-start|p2b: Glimmora|perish3|[silent]
|-fieldactivate|move: Perish Song
|cant|p2a: Hydreigon|flinch
|
|-start|p2b: Glimmora|perish3
|-start|p1a: Gengar|perish3
|-start|p2a: Hydreigon|perish3
|-start|p1b: Incineroar|perish3
|upkeep
|turn|2
|
|t:|1780692031
|move|p1a: Gengar|Protect|p1a: Gengar
|-singleturn|p1a: Gengar|Protect
|move|p1b: Incineroar|Protect|p1b: Incineroar
|-singleturn|p1b: Incineroar|Protect
|move|p2b: Glimmora|Power Gem|p1b: Incineroar
|-activate|p1b: Incineroar|move: Protect
|move|p2a: Hydreigon|Focus Energy|p2a: Hydreigon
|-start|p2a: Hydreigon|move: Focus Energy
|
|-start|p2b: Glimmora|perish2
|-start|p1a: Gengar|perish2
|-start|p2a: Hydreigon|perish2
|-start|p1b: Incineroar|perish2
|upkeep
|turn|3
|
|t:|1780692055
|switch|p1a: Politoed|Politoed, L50, F|100/100
|-weather|RainDance|[from] ability: Drizzle|[of] p1a: Politoed
|move|p2b: Glimmora|Power Gem|p1b: Incineroar
|-supereffective|p1b: Incineroar|1
|-damage|p1b: Incineroar|0 fnt
|faint|p1b: Incineroar
|move|p2a: Hydreigon|Draco Meteor|p1a: Politoed
|-crit|p1a: Politoed
|-damage|p1a: Politoed|19/100
|-unboost|p2a: Hydreigon|spa|2
|-enditem|p1a: Politoed|Sitrus Berry|[eat]
|-heal|p1a: Politoed|44/100|[from] item: Sitrus Berry
|
|-weather|RainDance|[upkeep]
|-start|p2b: Glimmora|perish1
|-start|p2a: Hydreigon|perish1
|upkeep
|
|t:|1780692066
|switch|p1b: Gengar|Gengar-Mega, L50, F|100/100
|turn|4
|
|t:|1780692072
|move|p1b: Gengar|Protect|p1b: Gengar
|-singleturn|p1b: Gengar|Protect
|move|p1a: Politoed|Protect|p1a: Politoed
|-singleturn|p1a: Politoed|Protect
|move|p2b: Glimmora|Sludge Bomb|p2a: Hydreigon
|-damage|p2a: Hydreigon|3/100
|-status|p2a: Hydreigon|psn
|move|p2a: Hydreigon|Draco Meteor|p2b: Glimmora
|-crit|p2b: Glimmora
|-damage|p2b: Glimmora|0 fnt
|-unboost|p2a: Hydreigon|spa|2
|faint|p2b: Glimmora
|
|-weather|RainDance|[upkeep]
|-damage|p2a: Hydreigon|0 fnt|[from] psn
|faint|p2a: Hydreigon
|upkeep
|
|t:|1780692087
|switch|p2b: Sinistcha|Sinistcha, L50|100/100
|switch|p2a: Volcarona|Volcarona, L50, F|100/100
|turn|5
|
|t:|1780692099
|switch|p1a: Archaludon|Archaludon, L50, M|100/100
|move|p1b: Gengar|Perish Song|p1b: Gengar
|-start|p1a: Archaludon|perish3|[silent]
|-start|p1b: Gengar|perish3|[silent]
|-start|p2a: Volcarona|perish3|[silent]
|-start|p2b: Sinistcha|perish3|[silent]
|-fieldactivate|move: Perish Song
|move|p2a: Volcarona|Giga Drain|p1a: Archaludon
|-resisted|p1a: Archaludon|2
|-damage|p1a: Archaludon|93/100
|-ability|p1a: Archaludon|Stamina|boost
|-boost|p1a: Archaludon|def|1
|move|p2b: Sinistcha|Matcha Gotcha|p1a: Archaludon|[spread] p1a,p1b
|-resisted|p1a: Archaludon|2
|-resisted|p1b: Gengar|1
|-damage|p1a: Archaludon|87/100
|-damage|p1b: Gengar|89/100
|-ability|p1a: Archaludon|Stamina|boost
|-boost|p1a: Archaludon|def|1
|
|-weather|RainDance|[upkeep]
|-heal|p1a: Archaludon|93/100|[from] item: Leftovers
|-start|p1b: Gengar|perish3
|-start|p2a: Volcarona|perish3
|-start|p1a: Archaludon|perish3
|-start|p2b: Sinistcha|perish3
|upkeep
|turn|6
|
|t:|1780692110
|move|p1b: Gengar|Protect|p1b: Gengar
|-singleturn|p1b: Gengar|Protect
|move|p1a: Archaludon|Protect|p1a: Archaludon
|-singleturn|p1a: Archaludon|Protect
|move|p2a: Volcarona|Quiver Dance|p2a: Volcarona
|-boost|p2a: Volcarona|spa|1
|-boost|p2a: Volcarona|spd|1
|-boost|p2a: Volcarona|spe|1
|move|p2b: Sinistcha|Shadow Ball|p1a: Archaludon
|-activate|p1a: Archaludon|move: Protect
|
|-weather|RainDance|[upkeep]
|-heal|p1a: Archaludon|100/100|[from] item: Leftovers
|-start|p2a: Volcarona|perish2
|-start|p1b: Gengar|perish2
|-start|p1a: Archaludon|perish2
|-start|p2b: Sinistcha|perish2
|upkeep
|turn|7
|
|t:|1780692119
|switch|p1b: Politoed|Politoed, L50, F|44/100
|move|p2a: Volcarona|Heat Wave|p1a: Archaludon|[spread] p1a
|-miss|p2a: Volcarona|p1b: Politoed
|-damage|p1a: Archaludon|65/100
|-ability|p1a: Archaludon|Stamina|boost
|-boost|p1a: Archaludon|def|1
|move|p1a: Archaludon|Electro Shot||[still]
|-prepare|p1a: Archaludon|Electro Shot
|-boost|p1a: Archaludon|spa|1
|-anim|p1a: Archaludon|Electro Shot|p2a: Volcarona
|-damage|p2a: Volcarona|55/100
|move|p2b: Sinistcha|Shadow Ball|p1b: Politoed
|-damage|p1b: Politoed|21/100
|-unboost|p1b: Politoed|spd|1
|
|-weather|none
|-heal|p1a: Archaludon|71/100|[from] item: Leftovers
|-start|p2a: Volcarona|perish1
|-start|p1a: Archaludon|perish1
|-start|p2b: Sinistcha|perish1
|upkeep
|turn|8
|
|t:|1780692126
|move|p1a: Archaludon|Protect|p1a: Archaludon
|-singleturn|p1a: Archaludon|Protect
|move|p1b: Politoed|Protect|p1b: Politoed
|-singleturn|p1b: Politoed|Protect
|move|p2a: Volcarona|Heat Wave|p1b: Politoed|[spread] 
|-activate|p1a: Archaludon|move: Protect
|-activate|p1b: Politoed|move: Protect
|move|p2b: Sinistcha|Shadow Ball|p1a: Archaludon
|-activate|p1a: Archaludon|move: Protect
|
|-heal|p1a: Archaludon|78/100|[from] item: Leftovers
|-start|p2a: Volcarona|perish0
|-start|p1a: Archaludon|perish0
|-start|p2b: Sinistcha|perish0
|faint|p2a: Volcarona
|faint|p1a: Archaludon
|faint|p2b: Sinistcha
|
|win|megagenger2023
|raw|megagenger2023's rating: 2001 &rarr; <strong>2016</strong><br />(+15 for winning)
|raw|MegVGC's rating: 1906 &rarr; <strong>1891</strong><br />(-15 for losing)
|l|☆MegVGC
|player|p2|
|l|☆megagenger2023
|player|p1|
