|j|☆xiaoliyunVGC
|j|☆ScribbleScribble
|t:|1777149241
|gametype|doubles
|player|p1|xiaoliyunVGC|liko|1685
|player|p2|ScribbleScribble|mina-lgpe|1696
|gen|9
|tier|[Gen 9 Champions] VGC 2026 Reg M-A
|rated|
|rule|Species Clause: Limit one of each Pokémon
|rule|Item Clause: Limit 1 of each item
|clearpoke
|poke|p1|Ninetales-Alola, L50, M, shiny|
|poke|p1|Manectric, L50, M, shiny|
|poke|p1|Sneasler, L50, F, shiny|
|poke|p1|Rotom-Wash, L50, shiny|
|poke|p1|Corviknight, L50, F, shiny|
|poke|p1|Farigiraf, L50, M, shiny|
|poke|p2|Meganium, L50, M|
|poke|p2|Sneasler, L50, F, shiny|
|poke|p2|Aerodactyl, L50, F|
|poke|p2|Kingambit, L50, F|
|poke|p2|Basculegion, L50, M, shiny|
|poke|p2|Farigiraf, L50, F|
|teampreview|4
|l|☆ScribbleScribble
|player|p2|
|inactive|Battle timer is ON: inactive players will automatically lose when time's up. (requested by xiaoliyunVGC)
|j|☆ScribbleScribble
|inactive|ScribbleScribble reconnected and has 85 seconds left.
|player|p2|ScribbleScribble|mina-lgpe|
|inactive|ScribbleScribble also wants the timer to be on.
|inactive|xiaoliyunVGC has 60 seconds left.
|
|t:|1777149283
|teamsize|p1|4
|teamsize|p2|4
|start
|switch|p1a: Ninetales|Ninetales-Alola, L50, M, shiny|100/100
|switch|p1b: Sneasler|Sneasler, L50, F, shiny|100/100
|switch|p2a: Aerodactyl|Aerodactyl, L50, F|100/100
|switch|p2b: Meganium|Meganium, L50, M|100/100
|-ability|p2a: Aerodactyl|Unnerve
|-weather|Snowscape|[from] ability: Snow Warning|[of] p1a: Ninetales
|turn|1
|
|t:|1777149298
|detailschange|p2b: Meganium|Meganium-Mega, L50, M
|-mega|p2b: Meganium|Meganium|Meganiumite
|move|p2a: Aerodactyl|Protect|p2a: Aerodactyl
|-singleturn|p2a: Aerodactyl|Protect
|move|p1b: Sneasler|Fake Out|p2a: Aerodactyl
|-activate|p2a: Aerodactyl|move: Protect
|move|p1a: Ninetales|Icy Wind|p2a: Aerodactyl|[spread] p2b
|-activate|p2a: Aerodactyl|move: Protect
|-supereffective|p2b: Meganium|1
|-damage|p2b: Meganium|72/100
|-unboost|p2b: Meganium|spe|1
|move|p2b: Meganium|Weather Ball|p1a: Ninetales
|-supereffective|p1a: Ninetales|1
|-damage|p1a: Ninetales|0 fnt
|faint|p1a: Ninetales
|
|-weather|Snowscape|[upkeep]
|upkeep
|
|t:|1777149306
|switch|p1a: Corviknight|Corviknight, L50, F, shiny|100/100
|turn|2
|
|t:|1777149317
|switch|p2b: Basculegion|Basculegion, L50, M, shiny|100/100
|move|p2a: Aerodactyl|Tailwind|p2a: Aerodactyl
|-sidestart|p2: ScribbleScribble|move: Tailwind
|move|p1b: Sneasler|Dire Claw|p2b: Basculegion
|-resisted|p2b: Basculegion|1
|-crit|p2b: Basculegion
|-damage|p2b: Basculegion|58/100
|move|p1a: Corviknight|Bulk Up|p1a: Corviknight
|-boost|p1a: Corviknight|atk|1
|-boost|p1a: Corviknight|def|1
|
|-weather|Snowscape|[upkeep]
|upkeep
|turn|3
|
|t:|1777149336
|switch|p1b: Farigiraf|Farigiraf, L50, M, shiny|100/100
|move|p2b: Basculegion|Last Respects|p1b: Farigiraf
|-immune|p1b: Farigiraf
|move|p2a: Aerodactyl|Rock Slide|p1b: Farigiraf|[spread] p1a,p1b
|-damage|p1a: Corviknight|88/100
|-damage|p1b: Farigiraf|83/100
|move|p1a: Corviknight|Iron Head|p2a: Aerodactyl
|-supereffective|p2a: Aerodactyl|1
|-enditem|p2a: Aerodactyl|Focus Sash
|-damage|p2a: Aerodactyl|1/100
|
|-weather|Snowscape|[upkeep]
|-heal|p1a: Corviknight|94/100|[from] item: Leftovers
|upkeep
|turn|4
|
|t:|1777149349
|switch|p2a: Farigiraf|Farigiraf, L50, F|100/100
|move|p2b: Basculegion|Last Respects|p1a: Corviknight
|-damage|p1a: Corviknight|77/100
|move|p1a: Corviknight|Iron Head|p2a: Farigiraf
|-damage|p2a: Farigiraf|69/100
|move|p1b: Farigiraf|Trick Room|p1b: Farigiraf
|-fieldstart|move: Trick Room|[of] p1b: Farigiraf
|
|-weather|Snowscape|[upkeep]
|-heal|p1a: Corviknight|83/100|[from] item: Leftovers
|upkeep
|turn|5
|
|t:|1777149365
|switch|p2b: Meganium|Meganium-Mega, L50, M|72/100
|move|p1b: Farigiraf|Foul Play|p2a: Farigiraf
|-supereffective|p2a: Farigiraf|1
|-enditem|p2a: Farigiraf|Colbur Berry|[eat]
|-enditem|p2a: Farigiraf|Colbur Berry|[weaken]
|-damage|p2a: Farigiraf|52/100
|move|p1a: Corviknight|Bulk Up|p1a: Corviknight
|-boost|p1a: Corviknight|atk|1
|-boost|p1a: Corviknight|def|1
|move|p2a: Farigiraf|Trick Room|p2a: Farigiraf
|-fieldend|move: Trick Room
|
|-weather|none
|-heal|p1a: Corviknight|89/100|[from] item: Leftovers
|-sideend|p2: ScribbleScribble|move: Tailwind
|upkeep
|turn|6
|
|t:|1777149380
|move|p2b: Meganium|Weather Ball|p1a: Corviknight
|-supereffective|p1a: Corviknight|1
|-damage|p1a: Corviknight|0 fnt
|faint|p1a: Corviknight
|move|p2a: Farigiraf|Hyper Voice|p1b: Farigiraf
|-damage|p1b: Farigiraf|40/100
|-enditem|p1b: Farigiraf|Sitrus Berry|[eat]
|-heal|p1b: Farigiraf|65/100|[from] item: Sitrus Berry
|move|p1b: Farigiraf|Trick Room|p1b: Farigiraf
|-fieldstart|move: Trick Room|[of] p1b: Farigiraf
|
|upkeep
|
|t:|1777149384
|switch|p1a: Sneasler|Sneasler, L50, F, shiny|100/100
|turn|7
|
|t:|1777149391
|move|p1a: Sneasler|Protect|p1a: Sneasler
|-singleturn|p1a: Sneasler|Protect
|move|p2a: Farigiraf|Psyshock|p1a: Sneasler
|-activate|p1a: Sneasler|move: Protect
|move|p2b: Meganium|Dazzling Gleam|p1a: Sneasler|[spread] p1b
|-activate|p1a: Sneasler|move: Protect
|-damage|p1b: Farigiraf|29/100
|move|p1b: Farigiraf|Trick Room|p1b: Farigiraf
|-fieldend|move: Trick Room
|
|upkeep
|turn|8
|
|t:|1777149398
|move|p1a: Sneasler|Close Combat|p2a: Farigiraf
|-damage|p2a: Farigiraf|0 fnt
|-unboost|p1a: Sneasler|def|1
|-unboost|p1a: Sneasler|spd|1
|faint|p2a: Farigiraf
|-enditem|p1a: Sneasler|White Herb
|-clearnegativeboost|p1a: Sneasler|[silent]
|move|p2b: Meganium|Dazzling Gleam|p1b: Farigiraf|[spread] p1a,p1b
|-damage|p1a: Sneasler|47/100
|-damage|p1b: Farigiraf|0 fnt
|faint|p1b: Farigiraf
|
|upkeep
|
|t:|1777149402
|switch|p2a: Basculegion|Basculegion, L50, M, shiny|58/100
|turn|9
|-message|xiaoliyunVGC forfeited.
|
|win|ScribbleScribble
|raw|xiaoliyunVGC's rating: 1685 &rarr; <strong>1666</strong><br />(-19 for losing)
|raw|ScribbleScribble's rating: 1696 &rarr; <strong>1715</strong><br />(+19 for winning)
|l|☆xiaoliyunVGC
|player|p1|
|l|☆ScribbleScribble
|player|p2|
