|j|☆Glup Skiddo
|j|☆ScribbleScribble
|t:|1777168087
|gametype|doubles
|player|p1|Glup Skiddo|1|1614
|player|p2|ScribbleScribble|mina-lgpe|1733
|gen|9
|tier|[Gen 9 Champions] VGC 2026 Reg M-A
|rated|
|rule|Species Clause: Limit one of each Pokémon
|rule|Item Clause: Limit 1 of each item
|clearpoke
|poke|p1|Delphox, L50, F|
|poke|p1|Tsareena, L50, F|
|poke|p1|Kingambit, L50, F|
|poke|p1|Sneasler, L50, F|
|poke|p1|Garchomp, L50, F|
|poke|p1|Aerodactyl, L50, M|
|poke|p2|Ceruledge, L50, F|
|poke|p2|Lopunny, L50, F, shiny|
|poke|p2|Farigiraf, L50, F|
|poke|p2|Rotom-Wash, L50, shiny|
|poke|p2|Kommo-o, L50, F|
|poke|p2|Sneasler, L50, M, shiny|
|teampreview|4
|inactive|Battle timer is ON: inactive players will automatically lose when time's up. (requested by ScribbleScribble)
|inactive|Glup Skiddo has 60 seconds left.
|
|t:|1777168143
|teamsize|p1|4
|teamsize|p2|4
|start
|switch|p1a: Kingambit|Kingambit, L50, F|100/100
|switch|p1b: Delphox|Delphox, L50, F|100/100
|switch|p2a: Rotom|Rotom-Wash, L50, shiny|100/100
|switch|p2b: Lopunny|Lopunny, L50, F, shiny|100/100
|turn|1
|
|t:|1777168164
|switch|p1b: Tsareena|Tsareena, L50, F|100/100
|detailschange|p2b: Lopunny|Lopunny-Mega, L50, F, shiny
|-mega|p2b: Lopunny|Lopunny|Lopunnite
|move|p2a: Rotom|Hydro Pump|p1b: Tsareena
|-resisted|p1b: Tsareena|1
|-damage|p1b: Tsareena|71/100
|move|p2b: Lopunny|Close Combat|p1a: Kingambit
|-supereffective|p1a: Kingambit|2
|-enditem|p1a: Kingambit|Chople Berry|[eat]
|-enditem|p1a: Kingambit|Chople Berry|[weaken]
|-damage|p1a: Kingambit|0 fnt
|-unboost|p2b: Lopunny|def|1
|-unboost|p2b: Lopunny|spd|1
|faint|p1a: Kingambit
|
|upkeep
|
|t:|1777168175
|switch|p1a: Delphox|Delphox, L50, F|100/100
|turn|2
|
|t:|1777168193
|detailschange|p1a: Delphox|Delphox-Mega, L50, F
|-mega|p1a: Delphox|Delphox|Delphoxite
|move|p1a: Delphox|Protect|p1a: Delphox
|-singleturn|p1a: Delphox|Protect
|move|p2a: Rotom|Hydro Pump|p1a: Delphox
|-activate|p1a: Delphox|move: Protect
|move|p2b: Lopunny|Triple Axel|p1b: Tsareena
|-supereffective|p1b: Tsareena|1
|-damage|p1b: Tsareena|57/100
|-supereffective|p1b: Tsareena|1
|-damage|p1b: Tsareena|31/100
|-enditem|p1b: Tsareena|Sitrus Berry|[eat]
|-heal|p1b: Tsareena|56/100|[from] item: Sitrus Berry
|-supereffective|p1b: Tsareena|1
|-damage|p1b: Tsareena|10/100
|-hitcount|p1b: Tsareena|3
|move|p1b: Tsareena|Trop Kick|p2a: Rotom
|-supereffective|p2a: Rotom|1
|-crit|p2a: Rotom
|-damage|p2a: Rotom|0 fnt
|faint|p2a: Rotom
|
|upkeep
|
|t:|1777168204
|switch|p2a: Kommo-o|Kommo-o, L50, F|100/100
|turn|3
|inactive|Glup Skiddo has 30 seconds left.
|inactive|ScribbleScribble has 30 seconds left.
|
|t:|1777168233
|move|p2a: Kommo-o|Protect|p2a: Kommo-o
|-singleturn|p2a: Kommo-o|Protect
|move|p2b: Lopunny|Close Combat|p1b: Tsareena
|-damage|p1b: Tsareena|0 fnt
|-unboost|p2b: Lopunny|def|1
|-unboost|p2b: Lopunny|spd|1
|faint|p1b: Tsareena
|move|p1a: Delphox|Psychic|p2a: Kommo-o
|-activate|p2a: Kommo-o|move: Protect
|
|upkeep
|
|t:|1777168235
|switch|p1b: Garchomp|Garchomp, L50, F|100/100
|turn|4
|
|t:|1777168253
|move|p1b: Garchomp|Protect|p1b: Garchomp
|-singleturn|p1b: Garchomp|Protect
|move|p2b: Lopunny|Triple Axel|p1b: Garchomp
|-activate|p1b: Garchomp|move: Protect
|move|p1a: Delphox|Psychic|p2b: Lopunny
|-supereffective|p2b: Lopunny|1
|-damage|p2b: Lopunny|0 fnt
|faint|p2b: Lopunny
|move|p2a: Kommo-o|Draco Meteor|p1a: Delphox
|-damage|p1a: Delphox|28/100
|-unboost|p2a: Kommo-o|spa|2
|
|upkeep
|
|t:|1777168255
|switch|p2b: Sneasler|Sneasler, L50, M, shiny|100/100
|turn|5
|
|t:|1777168268
|move|p1a: Delphox|Protect|p1a: Delphox
|-singleturn|p1a: Delphox|Protect
|move|p2b: Sneasler|Dire Claw|p1a: Delphox
|-activate|p1a: Delphox|move: Protect
|move|p1b: Garchomp|Earthquake|p2a: Kommo-o|[spread] p2a,p2b
|-activate|p1a: Delphox|move: Protect
|-supereffective|p2b: Sneasler|1
|-damage|p2a: Kommo-o|61/100
|-damage|p2b: Sneasler|0 fnt
|faint|p2b: Sneasler
|move|p2a: Kommo-o|Draco Meteor|p1b: Garchomp
|-supereffective|p1b: Garchomp|1
|-enditem|p1b: Garchomp|Haban Berry|[eat]
|-enditem|p1b: Garchomp|Haban Berry|[weaken]
|-damage|p1b: Garchomp|60/100
|-unboost|p2a: Kommo-o|spa|2
|
|upkeep
|turn|6
|inactive|ScribbleScribble has 30 seconds left.
|
|t:|1777168299
|move|p1a: Delphox|Psychic|p2a: Kommo-o
|-supereffective|p2a: Kommo-o|1
|-damage|p2a: Kommo-o|0 fnt
|faint|p2a: Kommo-o
|
|win|Glup Skiddo
|raw|Glup Skiddo's rating: 1614 &rarr; <strong>1641</strong><br />(+27 for winning)
|raw|ScribbleScribble's rating: 1733 &rarr; <strong>1706</strong><br />(-27 for losing)
|l|☆Glup Skiddo
|player|p1|
