|j|☆moat_vgcf
|j|☆Fuzis
|t:|1778240038
|gametype|doubles
|player|p1|moat_vgcf|lance|1726
|player|p2|Fuzis|karen|1929
|gen|9
|tier|[Gen 9 Champions] VGC 2026 Reg M-A
|rated|
|rule|Species Clause: Limit one of each Pokémon
|rule|Item Clause: Limit 1 of each item
|clearpoke
|poke|p1|Charizard, L50, M|
|poke|p1|Sneasler, L50, F|
|poke|p1|Kingambit, L50, M|
|poke|p1|Garchomp, L50, F|
|poke|p1|Floette-Eternal, L50, F|
|poke|p1|Aerodactyl, L50, M|
|poke|p2|Blastoise, L50, M|
|poke|p2|Gengar, L50, M|
|poke|p2|Sylveon, L50, F|
|poke|p2|Talonflame, L50, M|
|poke|p2|Kingambit, L50, M|
|poke|p2|Drampa, L50, F|
|teampreview|4
|inactive|Battle timer is ON: inactive players will automatically lose when time's up. (requested by Fuzis)
|inactive|moat_vgcf has 60 seconds left.
|
|t:|1778240086
|teamsize|p1|4
|teamsize|p2|4
|start
|switch|p1a: Garchomp|Garchomp, L50, F|100/100
|switch|p1b: Charizard|Charizard, L50, M|100/100
|switch|p2a: Blastoise|Blastoise, L50, M|100/100
|switch|p2b: Gengar|Gengar, L50, M|100/100
|turn|1
|
|t:|1778240109
|switch|p1b: Kingambit|Kingambit, L50, M|100/100
|detailschange|p2a: Blastoise|Blastoise-Mega, L50, M
|-mega|p2a: Blastoise|Blastoise|Blastoisinite
|move|p2a: Blastoise|Fake Out|p1b: Kingambit
|-resisted|p1b: Kingambit|1
|-damage|p1b: Kingambit|97/100
|move|p1a: Garchomp|Dragon Claw|p2a: Blastoise
|-damage|p2a: Blastoise|62/100
|move|p2b: Gengar|Trick Room|p2b: Gengar
|-fieldstart|move: Trick Room|[of] p2b: Gengar
|
|upkeep
|turn|2
|inactive|moat_vgcf has 30 seconds left.
|
|t:|1778240135
|switch|p2b: Sylveon|Sylveon, L50, F|100/100
|move|p1b: Kingambit|Protect|p1b: Kingambit
|-singleturn|p1b: Kingambit|Protect
|move|p1a: Garchomp|Protect|p1a: Garchomp
|-singleturn|p1a: Garchomp|Protect
|move|p2a: Blastoise|Aura Sphere|p1b: Kingambit
|-activate|p1b: Kingambit|move: Protect
|
|upkeep
|turn|3
|inactive|moat_vgcf has 30 seconds left.
|inactive|moat_vgcf has 20 seconds left.
|
|t:|1778240172
|move|p1b: Kingambit|Iron Head|p2b: Sylveon
|-supereffective|p2b: Sylveon|1
|-damage|p2b: Sylveon|10/100
|move|p2b: Sylveon|Hyper Voice|p1a: Garchomp|[spread] p1a,p1b
|-supereffective|p1a: Garchomp|1
|-damage|p1a: Garchomp|14/100
|-damage|p1b: Kingambit|55/100
|move|p2a: Blastoise|Aura Sphere|p1b: Kingambit
|-supereffective|p1b: Kingambit|2
|-crit|p1b: Kingambit
|-enditem|p1b: Kingambit|Chople Berry|[eat]
|-enditem|p1b: Kingambit|Chople Berry|[weaken]
|-damage|p1b: Kingambit|0 fnt
|faint|p1b: Kingambit
|move|p1a: Garchomp|Dragon Claw|p2a: Blastoise
|-damage|p2a: Blastoise|23/100
|
|upkeep
|j| 1pondo
|
|t:|1778240195
|switch|p1b: Charizard|Charizard, L50, M|100/100
|turn|4
|inactive|moat_vgcf has 30 seconds left.
|inactive|Fuzis has 30 seconds left.
|
|t:|1778240227
|switch|p2a: Drampa|Drampa, L50, F|100/100
|-ability|p2a: Drampa|Cloud Nine
|move|p2b: Sylveon|Detect|p2b: Sylveon
|-singleturn|p2b: Sylveon|Protect
|move|p1b: Charizard|Protect|p1b: Charizard
|-singleturn|p1b: Charizard|Protect
|move|p1a: Garchomp|Protect||[still]
|-fail|p1a: Garchomp
|
|upkeep
|turn|5
|inactive|moat_vgcf has 30 seconds left.
|inactive|Fuzis has 30 seconds left.
|inactive|moat_vgcf has 20 seconds left.
|inactive|Fuzis has 20 seconds left.
|inactive|Fuzis has 15 seconds left.
|inactive|Fuzis has 10 seconds left.
|inactive|Fuzis has 5 seconds left.
|
|t:|1778240278
|switch|p2a: Blastoise|Blastoise-Mega, L50, M|23/100
|switch|p1a: Aerodactyl|Aerodactyl, L50, M|100/100
|-ability|p1a: Aerodactyl|Unnerve
|detailschange|p1b: Charizard|Charizard-Mega-Y, L50, M
|-mega|p1b: Charizard|Charizard|Charizardite Y
|-weather|SunnyDay|[from] ability: Drought|[of] p1b: Charizard
|move|p2b: Sylveon|Hyper Voice|p1a: Aerodactyl|[spread] p1a,p1b
|-resisted|p1b: Charizard|1
|-damage|p1a: Aerodactyl|36/100
|-damage|p1b: Charizard|79/100
|move|p1b: Charizard|Heat Wave|p2b: Sylveon|[spread] p2a,p2b
|-resisted|p2a: Blastoise|1
|-damage|p2a: Blastoise|0 fnt
|-damage|p2b: Sylveon|0 fnt
|faint|p2a: Blastoise
|faint|p2b: Sylveon
|
|-weather|SunnyDay|[upkeep]
|-fieldend|move: Trick Room
|upkeep
|
|t:|1778240294
|switch|p2a: Drampa|Drampa, L50, F|100/100
|switch|p2b: Gengar|Gengar, L50, M|100/100
|-ability|p2a: Drampa|Cloud Nine
|turn|6
|j| BlackTrunk
|
|t:|1778240311
|move|p2a: Drampa|Protect|p2a: Drampa
|-singleturn|p2a: Drampa|Protect
|move|p1a: Aerodactyl|Rock Slide|p2a: Drampa|[spread] p2b
|-activate|p2a: Drampa|move: Protect
|-damage|p2b: Gengar|56/100
|move|p1b: Charizard|Heat Wave|p2a: Drampa|[spread] p2b
|-activate|p2a: Drampa|move: Protect
|-damage|p2b: Gengar|0 fnt
|faint|p2b: Gengar
|
|-weather|SunnyDay|[upkeep]
|upkeep
|turn|7
|-message|Fuzis forfeited.
|
|win|moat_vgcf
|raw|moat_vgcf's rating: 1726 &rarr; <strong>1757</strong><br />(+31 for winning)
|raw|Fuzis's rating: 1929 &rarr; <strong>1898</strong><br />(-31 for losing)
|l|☆Fuzis
|player|p2|
|l| BlackTrunk
|l| 1pondo
