|j|☆Mister F1ster
|j|☆everlance
|t:|1778019348
|gametype|doubles
|player|p1|Mister F1ster|skyla|1793
|player|p2|everlance|265|1724
|gen|9
|tier|[Gen 9 Champions] VGC 2026 Reg M-A
|rated|
|rule|Species Clause: Limit one of each Pokémon
|rule|Item Clause: Limit 1 of each item
|clearpoke
|poke|p1|Floette-Eternal, L50, F|
|poke|p1|Charizard, L50, M, shiny|
|poke|p1|Garchomp, L50, F|
|poke|p1|Kingambit, L50, M|
|poke|p1|Primarina, L50, M, shiny|
|poke|p1|Aerodactyl, L50, F|
|poke|p2|Sneasler, L50, F|
|poke|p2|Whimsicott, L50, F|
|poke|p2|Floette-Eternal, L50, F|
|poke|p2|Kingambit, L50, F|
|poke|p2|Garchomp, L50, M|
|poke|p2|Charizard, L50, M|
|teampreview|4
|inactive|Battle timer is ON: inactive players will automatically lose when time's up. (requested by everlance)
|j| wimmerson
|
|t:|1778019367
|teamsize|p1|4
|teamsize|p2|4
|start
|switch|p1a: Primarina|Primarina, L50, M, shiny|100/100
|switch|p1b: Garchomp|Garchomp, L50, F|100/100
|switch|p2a: Sneasler|Sneasler, L50, F|100/100
|switch|p2b: Floette|Floette-Eternal, L50, F|100/100
|turn|1
|c|☆Mister F1ster|good luck old friend
|
|t:|1778019390
|detailschange|p2b: Floette|Floette-Mega, L50, F
|-mega|p2b: Floette|Floette|Floettite
|-ability|p2b: Floette|Fairy Aura
|move|p2a: Sneasler|Fake Out|p1a: Primarina
|-damage|p1a: Primarina|82/100
|move|p1b: Garchomp|Stomping Tantrum|p2a: Sneasler
|-supereffective|p2a: Sneasler|1
|-damage|p2a: Sneasler|0 fnt
|faint|p2a: Sneasler
|move|p2b: Floette|Dazzling Gleam|p1a: Primarina|[spread] p1a,p1b
|-supereffective|p1b: Garchomp|1
|-damage|p1a: Primarina|41/100
|-damage|p1b: Garchomp|11/100
|-enditem|p1a: Primarina|Sitrus Berry|[eat]
|-heal|p1a: Primarina|66/100|[from] item: Sitrus Berry
|cant|p1a: Primarina|flinch
|
|upkeep
|
|t:|1778019401
|switch|p2a: Whimsicott|Whimsicott, L50, F|100/100
|turn|2
|
|t:|1778019419
|switch|p1b: Charizard|Charizard, L50, M, shiny|100/100
|move|p2a: Whimsicott|Moonblast|p1a: Primarina
|-damage|p1a: Primarina|26/100
|move|p2b: Floette|Dazzling Gleam|p1b: Charizard|[spread] p1a,p1b
|-resisted|p1b: Charizard|1
|-damage|p1a: Primarina|0 fnt
|-damage|p1b: Charizard|74/100
|faint|p1a: Primarina
|
|upkeep
|
|t:|1778019428
|switch|p1a: Aerodactyl|Aerodactyl, L50, F|100/100
|-ability|p1a: Aerodactyl|Unnerve
|turn|3
|
|t:|1778019446
|switch|p2b: Garchomp|Garchomp, L50, M|100/100
|detailschange|p1b: Charizard|Charizard-Mega-Y, L50, M, shiny
|-mega|p1b: Charizard|Charizard|Charizardite Y
|-weather|SunnyDay|[from] ability: Drought|[of] p1b: Charizard
|move|p2a: Whimsicott|Protect|p2a: Whimsicott
|-singleturn|p2a: Whimsicott|Protect
|move|p1b: Charizard|Protect|p1b: Charizard
|-singleturn|p1b: Charizard|Protect
|move|p1a: Aerodactyl|Tailwind|p1a: Aerodactyl
|-sidestart|p1: Mister F1ster|move: Tailwind
|
|-weather|SunnyDay|[upkeep]
|upkeep
|turn|4
|
|t:|1778019469
|move|p2a: Whimsicott|Encore|p1a: Aerodactyl
|-start|p1a: Aerodactyl|Encore
|move|p1a: Aerodactyl|Tailwind||[still]
|-fail|p1a: Aerodactyl
|move|p1b: Charizard|Heat Wave|p2b: Garchomp|[spread] p2a,p2b
|-supereffective|p2a: Whimsicott|1
|-resisted|p2b: Garchomp|1
|-enditem|p2a: Whimsicott|Focus Sash
|-damage|p2a: Whimsicott|1/100
|-damage|p2b: Garchomp|59/100
|move|p2b: Garchomp|Dragon Claw|p1b: Charizard
|-damage|p1b: Charizard|16/100
|
|-weather|SunnyDay|[upkeep]
|upkeep
|turn|5
|
|t:|1778019488
|switch|p1b: Garchomp|Garchomp, L50, F|11/100
|move|p2a: Whimsicott|Tailwind|p2a: Whimsicott
|-sidestart|p2: everlance|move: Tailwind
|move|p2b: Garchomp|Dragon Claw|p1b: Garchomp
|-supereffective|p1b: Garchomp|1
|-damage|p1b: Garchomp|0 fnt
|-damage|p2b: Garchomp|46/100|[from] ability: Rough Skin|[of] p1b: Garchomp
|faint|p1b: Garchomp
|move|p1a: Aerodactyl|Tailwind||[still]
|-fail|p1a: Aerodactyl
|
|-weather|SunnyDay|[upkeep]
|upkeep
|
|t:|1778019499
|switch|p1b: Charizard|Charizard-Mega-Y, L50, M, shiny|16/100
|turn|6
|j| TestAccount42069B
|
|t:|1778019507
|move|p2b: Garchomp|Dragon Claw|p1b: Charizard
|-damage|p1b: Charizard|0 fnt
|faint|p1b: Charizard
|move|p1a: Aerodactyl|Tailwind||[still]
|-fail|p1a: Aerodactyl
|move|p2a: Whimsicott|Moonblast|p1a: Aerodactyl
|-damage|p1a: Aerodactyl|46/100
|
|-weather|SunnyDay|[upkeep]
|-end|p1a: Aerodactyl|Encore
|-sideend|p1: Mister F1ster|move: Tailwind
|upkeep
|turn|7
|c|☆Mister F1ster|gg
|c|☆everlance|gg
|l| TestAccount42069B
|
|t:|1778019525
|move|p2a: Whimsicott|Encore|p1a: Aerodactyl
|-start|p1a: Aerodactyl|Encore
|move|p2b: Garchomp|Dragon Claw|p1a: Aerodactyl
|-damage|p1a: Aerodactyl|0 fnt
|faint|p1a: Aerodactyl
|
|win|everlance
|raw|Mister F1ster's rating: 1793 &rarr; <strong>1769</strong><br />(-24 for losing)
|raw|everlance's rating: 1724 &rarr; <strong>1748</strong><br />(+24 for winning)
|l|☆Mister F1ster
|player|p1|
|l| wimmerson
