|j|☆ScribbleScribble
|j|☆Yunobo7
|t:|1777924516
|gametype|doubles
|player|p1|ScribbleScribble|mina-lgpe|1878
|player|p2|Yunobo7|miku-ghost|1711
|gen|9
|tier|[Gen 9 Champions] VGC 2026 Reg M-A
|rated|
|rule|Species Clause: Limit one of each Pokémon
|rule|Item Clause: Limit 1 of each item
|clearpoke
|poke|p1|Ceruledge, L50, M|
|poke|p1|Lopunny, L50, F, shiny|
|poke|p1|Farigiraf, L50, F|
|poke|p1|Basculegion, L50, M, shiny|
|poke|p1|Ninetales-Alola, L50, M|
|poke|p1|Kingambit, L50, M|
|poke|p2|Scovillain, L50, F|
|poke|p2|Sylveon, L50, M|
|poke|p2|Aegislash, L50, M|
|poke|p2|Garchomp, L50, F|
|poke|p2|Milotic, L50, M|
|poke|p2|Tyranitar, L50, F|
|teampreview|4
|inactive|Battle timer is ON: inactive players will automatically lose when time's up. (requested by Yunobo7)
|inactive|ScribbleScribble also wants the timer to be on.
|
|t:|1777924539
|teamsize|p1|4
|teamsize|p2|4
|start
|switch|p1a: Ceruledge|Ceruledge, L50, M|100/100
|switch|p1b: Lopunny|Lopunny, L50, F, shiny|100/100
|switch|p2a: Scovillain|Scovillain, L50, F|100/100
|switch|p2b: Sylveon|Sylveon, L50, M|100/100
|turn|1
|
|t:|1777924550
|detailschange|p1b: Lopunny|Lopunny-Mega, L50, F, shiny
|-mega|p1b: Lopunny|Lopunny|Lopunnite
|detailschange|p2a: Scovillain|Scovillain-Mega, L50, F
|-mega|p2a: Scovillain|Scovillain|Scovillainite
|move|p2b: Sylveon|Protect|p2b: Sylveon
|-singleturn|p2b: Sylveon|Protect
|move|p1b: Lopunny|Fake Out|p2b: Sylveon
|-activate|p2b: Sylveon|move: Protect
|move|p1a: Ceruledge|Swords Dance|p1a: Ceruledge
|-boost|p1a: Ceruledge|atk|2
|move|p2a: Scovillain|Leech Seed|p1a: Ceruledge
|-start|p1a: Ceruledge|move: Leech Seed
|
|-damage|p1a: Ceruledge|87/100|[from] Leech Seed|[of] p2a: Scovillain
|upkeep
|turn|2
|
|t:|1777924572
|switch|p1b: Ninetales|Ninetales-Alola, L50, M|100/100
|-weather|Snowscape|[from] ability: Snow Warning|[of] p1b: Ninetales
|switch|p2b: Tyranitar|Tyranitar, L50, F|100/100
|-weather|Sandstorm|[from] ability: Sand Stream|[of] p2b: Tyranitar
|move|p2a: Scovillain|Protect|p2a: Scovillain
|-singleturn|p2a: Scovillain|Protect
|move|p1a: Ceruledge|Poltergeist|p2a: Scovillain
|-activate|p2a: Scovillain|move: Protect
|
|-weather|Sandstorm|[upkeep]
|-damage|p1b: Ninetales|94/100|[from] Sandstorm
|-damage|p1a: Ceruledge|81/100|[from] Sandstorm
|-damage|p2a: Scovillain|94/100|[from] Sandstorm
|-damage|p1a: Ceruledge|69/100|[from] Leech Seed|[of] p2a: Scovillain
|-heal|p2a: Scovillain|100/100|[silent]
|upkeep
|turn|3
|
|t:|1777924594
|switch|p1b: Lopunny|Lopunny-Mega, L50, F, shiny|100/100
|switch|p2a: Sylveon|Sylveon, L50, M|100/100
|move|p1a: Ceruledge|Poltergeist|p2a: Sylveon|[miss]
|-miss|p1a: Ceruledge|p2a: Sylveon
|move|p2b: Tyranitar|Knock Off|p1a: Ceruledge
|-supereffective|p1a: Ceruledge|1
|-damage|p1a: Ceruledge|0 fnt
|-enditem|p1a: Ceruledge|Focus Sash|[from] move: Knock Off|[of] p2b: Tyranitar
|faint|p1a: Ceruledge
|
|-weather|Sandstorm|[upkeep]
|-damage|p1b: Lopunny|94/100|[from] Sandstorm
|-damage|p2a: Sylveon|94/100|[from] Sandstorm
|upkeep
|
|t:|1777924600
|switch|p1a: Ninetales|Ninetales-Alola, L50, M|94/100
|-weather|Snowscape|[from] ability: Snow Warning|[of] p1a: Ninetales
|turn|4
|
|t:|1777924608
|switch|p2b: Scovillain|Scovillain-Mega, L50, F|100/100
|move|p2a: Sylveon|Protect|p2a: Sylveon
|-singleturn|p2a: Sylveon|Protect
|move|p1b: Lopunny|Fake Out|p2a: Sylveon
|-activate|p2a: Sylveon|move: Protect
|move|p1a: Ninetales|Blizzard|p2a: Sylveon|[spread] p2b
|-activate|p2a: Sylveon|move: Protect
|-damage|p2b: Scovillain|61/100
|-status|p1a: Ninetales|brn|[from] ability: Spicy Spray|[of] p2b: Scovillain
|
|-weather|Snowscape|[upkeep]
|-damage|p1a: Ninetales|88/100 brn|[from] brn
|upkeep
|turn|5
|
|t:|1777924618
|switch|p1b: Kingambit|Kingambit, L50, M|100/100
|switch|p2b: Tyranitar|Tyranitar, L50, F|100/100
|-weather|Sandstorm|[from] ability: Sand Stream|[of] p2b: Tyranitar
|move|p1a: Ninetales|Blizzard|p2a: Sylveon|[spread] 
|-miss|p1a: Ninetales|p2a: Sylveon
|-miss|p1a: Ninetales|p2b: Tyranitar
|move|p2a: Sylveon|Hyper Voice|p1b: Kingambit|[spread] p1a,p1b
|-damage|p1a: Ninetales|53/100 brn
|-damage|p1b: Kingambit|71/100
|
|-weather|Sandstorm|[upkeep]
|-damage|p1a: Ninetales|47/100 brn|[from] Sandstorm
|-damage|p2a: Sylveon|88/100|[from] Sandstorm
|-damage|p1a: Ninetales|41/100 brn|[from] brn
|upkeep
|turn|6
|j| ThisOldManHePlayed
|
|t:|1777924633
|move|p1a: Ninetales|Blizzard|p2a: Sylveon|[spread] 
|-miss|p1a: Ninetales|p2a: Sylveon
|-miss|p1a: Ninetales|p2b: Tyranitar
|move|p2a: Sylveon|Hyper Voice|p1b: Kingambit|[spread] p1a,p1b
|-damage|p1a: Ninetales|7/100 brn
|-damage|p1b: Kingambit|42/100
|move|p2b: Tyranitar|Low Kick|p1b: Kingambit
|-supereffective|p1b: Kingambit|2
|-enditem|p1b: Kingambit|Chople Berry|[eat]
|-enditem|p1b: Kingambit|Chople Berry|[weaken]
|-damage|p1b: Kingambit|0 fnt
|faint|p1b: Kingambit
|
|-weather|Sandstorm|[upkeep]
|-damage|p1a: Ninetales|1/100 brn|[from] Sandstorm
|-damage|p2a: Sylveon|82/100|[from] Sandstorm
|-damage|p1a: Ninetales|0 fnt|[from] brn
|faint|p1a: Ninetales
|upkeep
|-message|ScribbleScribble forfeited.
|
|win|Yunobo7
|raw|ScribbleScribble's rating: 1878 &rarr; <strong>1849</strong><br />(-29 for losing)
|raw|Yunobo7's rating: 1711 &rarr; <strong>1740</strong><br />(+29 for winning)
|l|☆ScribbleScribble
|player|p1|
