|j|☆ScribbleScribble
|j|☆Dalechamp
|t:|1778631681
|gametype|doubles
|player|p1|ScribbleScribble|mina-lgpe|1894
|player|p2|Dalechamp|101|1990
|gen|9
|tier|[Gen 9 Champions] VGC 2026 Reg M-A
|rated|
|rule|Species Clause: Limit one of each Pokémon
|rule|Item Clause: Limit 1 of each item
|clearpoke
|poke|p1|Lopunny, L50, F, shiny|
|poke|p1|Farigiraf, L50, F|
|poke|p1|Basculegion, L50, M, shiny|
|poke|p1|Ceruledge, L50, F|
|poke|p1|Kingambit, L50, F|
|poke|p1|Ninetales-Alola, L50, M|
|poke|p2|Archaludon, L50, F|
|poke|p2|Pelipper, L50, F|
|poke|p2|Venusaur, L50, F|
|poke|p2|Aegislash, L50, F|
|poke|p2|Tyranitar, L50, F|
|poke|p2|Garchomp, L50, M|
|teampreview|4
|inactive|Battle timer is ON: inactive players will automatically lose when time's up. (requested by ScribbleScribble)
|inactive|Dalechamp has 60 seconds left.
|inactive|Dalechamp has 30 seconds left.
|
|t:|1778631744
|teamsize|p1|4
|teamsize|p2|4
|start
|switch|p1a: Lopunny|Lopunny, L50, F, shiny|100/100
|switch|p1b: Ceruledge|Ceruledge, L50, F|100/100
|switch|p2a: Venusaur|Venusaur, L50, F|100/100
|switch|p2b: Garchomp|Garchomp, L50, M|100/100
|turn|1
|
|t:|1778631766
|detailschange|p1a: Lopunny|Lopunny-Mega, L50, F, shiny
|-mega|p1a: Lopunny|Lopunny|Lopunnite
|detailschange|p2a: Venusaur|Venusaur-Mega, L50, F
|-mega|p2a: Venusaur|Venusaur|Venusaurite
|move|p1a: Lopunny|Triple Axel|p2b: Garchomp
|-supereffective|p2b: Garchomp|2
|-damage|p2b: Garchomp|68/100
|-damage|p1a: Lopunny|88/100|[from] ability: Rough Skin|[of] p2b: Garchomp
|-supereffective|p2b: Garchomp|2
|-damage|p2b: Garchomp|17/100
|-damage|p1a: Lopunny|76/100|[from] ability: Rough Skin|[of] p2b: Garchomp
|-supereffective|p2b: Garchomp|2
|-damage|p2b: Garchomp|0 fnt
|-damage|p1a: Lopunny|64/100|[from] ability: Rough Skin|[of] p2b: Garchomp
|faint|p2b: Garchomp
|-hitcount|p2: Garchomp|3
|move|p1b: Ceruledge|Swords Dance|p1b: Ceruledge
|-boost|p1b: Ceruledge|atk|2
|move|p2a: Venusaur|Sleep Powder|p1b: Ceruledge
|-status|p1b: Ceruledge|slp|[from] move: Sleep Powder
|
|upkeep
|inactive|Dalechamp has 30 seconds left.
|
|t:|1778631792
|switch|p2b: Pelipper|Pelipper, L50, F|100/100
|-weather|RainDance|[from] ability: Drizzle|[of] p2b: Pelipper
|turn|2
|
|t:|1778631800
|switch|p1a: Ninetales|Ninetales-Alola, L50, M|100/100
|-weather|Snowscape|[from] ability: Snow Warning|[of] p1a: Ninetales
|cant|p1b: Ceruledge|slp
|move|p2a: Venusaur|Earth Power|p1b: Ceruledge
|-supereffective|p1b: Ceruledge|1
|-damage|p1b: Ceruledge|26/100 slp
|move|p2b: Pelipper|Tailwind|p2b: Pelipper
|-sidestart|p2: Dalechamp|move: Tailwind
|
|-weather|Snowscape|[upkeep]
|upkeep
|turn|3
|
|t:|1778631817
|cant|p1b: Ceruledge|slp
|move|p2a: Venusaur|Sludge Wave|p1a: Ninetales|[spread] p2b,p1a,p1b
|-supereffective|p1a: Ninetales|1
|-resisted|p1b: Ceruledge|1
|-damage|p2b: Pelipper|58/100
|-damage|p1a: Ninetales|12/100
|-damage|p1b: Ceruledge|3/100 slp
|move|p1a: Ninetales|Freeze-Dry|p2b: Pelipper
|-supereffective|p2b: Pelipper|2
|-damage|p2b: Pelipper|0 fnt
|faint|p2b: Pelipper
|
|-weather|Snowscape|[upkeep]
|upkeep
|
|t:|1778631826
|switch|p2b: Tyranitar|Tyranitar, L50, F|100/100
|-weather|Sandstorm|[from] ability: Sand Stream|[of] p2b: Tyranitar
|turn|4
|
|t:|1778631846
|move|p1a: Ninetales|Protect|p1a: Ninetales
|-singleturn|p1a: Ninetales|Protect
|-curestatus|p1b: Ceruledge|slp|[msg]
|move|p1b: Ceruledge|Shadow Sneak|p2a: Venusaur
|-crit|p2a: Venusaur
|-damage|p2a: Venusaur|50/100g
|move|p2b: Tyranitar|Rock Slide|p1b: Ceruledge|[spread] p1b
|-activate|p1a: Ninetales|move: Protect
|-supereffective|p1b: Ceruledge|1
|-damage|p1b: Ceruledge|0 fnt
|faint|p1b: Ceruledge
|move|p2a: Venusaur|Sleep Powder|p1a: Ninetales
|-activate|p1a: Ninetales|move: Protect
|
|-weather|Sandstorm|[upkeep]
|-damage|p2a: Venusaur|44/100|[from] Sandstorm
|-damage|p1a: Ninetales|6/100|[from] Sandstorm
|upkeep
|
|t:|1778631857
|switch|p1b: Lopunny|Lopunny-Mega, L50, F, shiny|64/100
|turn|5
|
|t:|1778631880
|switch|p1a: Basculegion|Basculegion, L50, M, shiny|100/100
|move|p1b: Lopunny|Fake Out|p2a: Venusaur
|-damage|p2a: Venusaur|24/100
|move|p2b: Tyranitar|Rock Slide|p1b: Lopunny|[spread] p1a,p1b
|-resisted|p1b: Lopunny|1
|-damage|p1a: Basculegion|55/100
|-damage|p1b: Lopunny|42/100
|cant|p2a: Venusaur|flinch
|
|-weather|Sandstorm|[upkeep]
|-damage|p2a: Venusaur|18/100|[from] Sandstorm
|-damage|p1a: Basculegion|49/100|[from] Sandstorm
|-damage|p1b: Lopunny|37/100|[from] Sandstorm
|-sideend|p2: Dalechamp|move: Tailwind
|upkeep
|turn|6
|inactive|ScribbleScribble has 30 seconds left.
|
|t:|1778631912
|move|p1a: Basculegion|Wave Crash|p2a: Venusaur
|-resisted|p2a: Venusaur|1
|-damage|p2a: Venusaur|0 fnt
|faint|p2a: Venusaur
|-damage|p1a: Basculegion|43/100|[from] Recoil
|move|p1b: Lopunny|Close Combat|p2b: Tyranitar
|-supereffective|p2b: Tyranitar|2
|-crit|p2b: Tyranitar
|-damage|p2b: Tyranitar|0 fnt
|-unboost|p1b: Lopunny|def|1
|-unboost|p1b: Lopunny|spd|1
|faint|p2b: Tyranitar
|
|win|ScribbleScribble
|raw|ScribbleScribble's rating: 1894 &rarr; <strong>1919</strong><br />(+25 for winning)
|raw|Dalechamp's rating: 1990 &rarr; <strong>1965</strong><br />(-25 for losing)
|c|☆ScribbleScribble|gg
